4009 6192
105 241 195 326 ioli
474 246 507 334 i,
529 240 679 338 aaaron
698 229 935 340 nissmrlrio
954 233 992 316 lii
1014 246 1045 317 a.
1068 241 1244 344 alcarii,
1269 253 1403 343 -cin
1425 245 1477 320 in.
1733 239 1824 328 ιιιι,

103 381 545 462 ritliocautemlacilesuadere
557 381 678 449 videtur,
690 383 931 456 ordinemquem·
946 389 1043 458 Aaou
1063 389 1093 443 et
1108 385 1144 443 da
1161 387 1326 448 Marcelline
1344 388 1436 446 sancti
1451 388 1595 446 Ambrosii
1609 407 1718 461 sorore,
1734 395 1811 458 aliie

104 456 171 511 dani
185 453 275 510 etiam
294 453 433 526 Aquileiae
447 471 475 510 iu
498 471 550 510 usu
569 453 703 526 positum,
727 454 775 527 qui
793 472 844 527 per
863 455 932 511 anni
974 459 1051 529 que.

102 525 388 582 circulumtectiones
401 526 431 581 in
445 527 534 580 sacris
543 524 722 581 adnibendas
733 525 873 582 indicaret
884 543 892 594 3
904 533 933 583 et
1023 531 1085 585 lton
1100 527 1198 588 multis
1213 529 1317 586 abhinc
1331 529 1415 586 annis
1427 530 1534 602 prodiit
1547 531 1620 589 liber
1636 534 1730 593 italice
1744 536 1812 592 scii·

101 597 182 653 bunc
196 614 255 653 non
269 598 359 652 alium
373 599 460 677 tuisse
469 613 559 677 quain
570 596 696 653 libellum
711 597 814 678 denies,
825 598 873 669 qui
887 614 933 654 eo·
986 601 1062 670 ptus,
1074 599 1235 668 cuititulus,
1247 602 1326 658 ltetle
1337 603 1497 658 Monarbedi
1505 601 1579 658 Sant'
1588 605 1711 672 Eusebio,
1723 609 1813 679 primo

102 673 171 724 dem
182 668 285 724 seculo
295 684 457 725 communis
463 684 528 740 pam
538 670 684 724 eratusus.
694 667 824 724 llrcliber
834 669 932 726 Comes
986 678 1138 726 monastero
1145 671 1326 740 d’Ocai'dente,
1339 673 1420 746 eujus
1435 673 1556 729 alteram
1570 676 1726 734 editionem
1741 673 1810 736 vidi·

101 737 930 810 maximaitunaeratutilitatis,addametiamnecessitatis,
986 756 1048 796 nius
1065 742 1199 798 Vercellis
1211 759 1310 799 cusam
1326 760 1402 799 anno
1417 742 1642 814 tranmissus
1656 748 1811 815 octavi,uti

101 809 236 868 aceresia
246 810 387 866 ministris
397 811 434 865 ad
444 812 578 882 legendas
593 810 623 864 in
636 809 723 866 sacrm
731 810 937 874 conventibus,
985 810 1078 867 aiunt.
1095 822 1189 884 longe
1208 814 1344 870 absumus
1358 819 1390 869 ut
1407 830 1441 871 ea
1456 815 1502 869 bic
1520 815 1667 874 infirmare
1680 818 1809 886 velimus,

101 880 202 962 debito
212 880 816 962 ordine,justoquemadosingulisiicibus,
832 891 931 954 etquia
985 899 1051 953 quae
1066 885 1195 940 eruditus
1209 890 1310 941 auctor
1324 885 1427 952 asserit
1440 885 1533 957 primo
1543 891 1572 943 et
1586 890 1711 944 secundo
1727 891 1811 963 hujus

102 955 206 1010 diebus
218 952 338 1025 singulis
345 957 540 1019 convenirent,
550 953 661 1009 divinas
671 953 832 1025 Scripturas
841 972 851 1025 3
862 969 932 1025 qua·
985 955 1080 1026 operis
1093 954 1186 1027 cipite
1205 958 1240 1016 de
1256 955 1425 1012 fundatione
1440 962 1470 1011 et
1490 956 1551 1013 loco
1571 958 1690 1031 hujusce
1705 976 1809 1017 mona-

100 1041 169 1082 rum
185 1023 360 1096 exemplaria
370 1031 446 1096 tunc,
460 1022 583 1079 indivisa
595 1030 680 1096 atquc
692 1024 814 1097 integra,
824 1041 932 1100 magna
985 1025 1075 1090 iterii,
1090 1026 1163 1082 sieut
1173 1029 1261 1084 etiarn
1273 1029 1307 1083 de
1322 1028 1451 1100 ejusdem
1465 1027 1582 1099 regula:
1597 1031 1647 1085 sed
1660 1046 1695 1086 ea
1707 1030 1808 1088 nibilo-

101 1095 244 1169 retigions
261 1097 449 1152 servabantur
470 1099 524 1150 bac
540 1095 575 1150 de
595 1111 682 1150 cansa
700 1096 730 1150 in
744 1097 930 1152 ecclesiarum
983 1096 1081 1151 minus
1105 1097 1278 1154 firmioribus
1301 1098 1353 1154 niti
1368 1101 1564 1155 monumentis
1584 1115 1762 1173 cuperemus,
1779 1108 1811 1159 ut

101 1165 248 1246 aerariis.
263 1167 321 1228 Nos
338 1165 477 1222 asseculis
490 1166 545 1245 boc
564 1167 664 1222 demite
679 1183 737 1221 non
756 1166 929 1240 indigemus,
984 1165 1142 1239 quemlibet
1157 1174 1274 1239 possent
1287 1169 1374 1225 atiani
1390 1172 1572 1240 persuadere,
1586 1171 1670 1227 sicuti
1682 1174 1809 1244 prolecto

100 1238 152 1310 qui
163 1242 375 1310 scripturarum
387 1237 522 1312 lectiones
528 1253 591 1309 pain
601 1242 693 1292 sectas
702 1239 732 1292 iii
745 1244 851 1309 partes,
865 1254 929 1296 suo·
983 1237 1120 1309 erudiunt
1130 1240 1374 1311 atquedelectant.
1382 1241 1441 1295 lloc
1449 1252 1546 1295 autem
1553 1240 1576 1296 si
1586 1242 1809 1312 vitiumest,non

99 1325 159 1381 que
173 1314 275 1365 ordine
292 1308 455 1380 dispositas,
470 1324 504 1363 aa
516 1324 567 1380 per
581 1308 642 1364 dies
656 1310 783 1381 singulos
798 1309 930 1365 distribu-
984 1319 1026 1365 est
1038 1325 1107 1364 saue
1117 1309 1220 1382 operis,
1230 1311 1281 1366 sed
1288 1311 1438 1382 peculiaris
1448 1311 1524 1367 illius
1534 1314 1706 1383 argumenti,
1722 1316 1808 1386 quod,

99 1387 148 1435 tas
162 1377 301 1459 babemus
314 1379 344 1435 in
360 1380 463 1436 nostris
476 1378 772 1445 ecclesiasticislioris,
787 1381 837 1452 qui
851 1385 931 1453 typo·
983 1380 1020 1435 ab
1026 1379 1260 1436 delectumliaein
1268 1386 1349 1452 parte
1355 1386 1596 1438 monumentorum
1603 1383 1809 1456 indigenarum,

98 1467 169 1507 rum
182 1459 279 1523 gratia
291 1453 322 1506 in
334 1451 466 1506 omnium
480 1450 614 1506 inanibus
630 1458 786 1508 versantur.
983 1451 1455 1524 sterilitatequadamlaboratsua,
1465 1454 1580 1509 aliunde
1589 1461 1811 1528 proptereasup·

73 1582 78 1586 ,
138 1525 213 1588 Quid
236 1537 301 1577 vero
314 1591 319 1601 ·
330 1524 417 1577 viriam
439 1523 598 1578 caelestium
622 1520 737 1577 illarum
760 1521 927 1589 lectionum,
982 1521 1099 1593 plenda,
1111 1526 1151 1578 uti
1170 1522 1264 1594 reipsa
1279 1525 1315 1579 ab
1330 1528 1446 1580 auctore
1461 1524 1574 1580 abunde
1588 1526 1736 1596 suppletur
1748 1542 1812 1582 eiu·

98 1591 831 1665 quaninotatliicetasiVirtusproculdubioeisdem
842 1593 930 1648 insita
983 1591 1093 1649 ditione
1104 1594 1259 1666 omnigena
1269 1597 1304 1649 ab
1319 1593 1399 1650 omni
1411 1593 1582 1666 antiquitate
1594 1601 1684 1667 petita
1710 1614 1766 1668 qua
1777 1594 1809 1652 ll·

98 1664 257 1745 inormior,
271 1661 354 1736 juxta
369 1663 441 1719 illud
456 1663 599 1744 Apostoli·
615 1664 697 1742 llebr.
714 1675 773 1736 ivl:
794 1664 874 1720 Viros
888 1669 928 1719 eit
983 1663 1242 1731 belluminstiuiit,
1249 1666 1623 1737 etgratumreddiditsaerie
1630 1640 1811 1738 antiquitatis
1859 1699 1862 1704 «

97 1736 253 1792 umnoltei
263 1743 288 1790 et
301 1737 599 1806 atticametpenetrabi
615 1752 658 1789 aar
672 1734 929 1807 omniptadioanci·
982 1735 1147 1792 cultoribus.
1163 1737 1269 1792 Demus
1285 1736 1483 1803 nibilominus,
1494 1743 1597 1808 quarto
1613 1747 1746 1810 vergente
1759 1755 1811 1794 see-

98 1811 169 1887 pi'ti,
185 1814 212 1862 et
230 1808 391 1878 pertingens
408 1821 491 1877 sisque
502 1806 538 1861 ad
549 1806 709 1862 mersionem
721 1806 929 1884 antmoeacspi‘·
943 1793 965 1851 Β
982 1807 1057 1872 colo,
1073 1812 1124 1862 aut
1137 1806 1225 1864 etiam
1241 1807 1317 1863 circa
1332 1807 1459 1863 medium
1474 1808 1604 1880 eiusdem
1619 1809 1727 1877 saeculi,
1742 1809 1809 1865 Ver·

97 1889 183 1943 ritus,
200 1893 357 1949 compapiim
371 1894 474 1949 quoqne
488 1892 522 1933 nc
535 1877 734 1942 mantissam,
749 1884 777 1934 et
791 1875 929 1934 decretor
982 1878 1137 1934 cellensem
1147 1877 1313 1946 Ecclesiam,
1324 1878 1435 1933 Eusebii
1444 1878 1569 1948 episcopi
1584 1875 1699 1943 merito,
1710 1896 1808 1935 sacra·

97 1949 303 2022 capitationem
315 1950 691 2005 trimestriummense
703 1948 791 2004 intus
803 1947 853 2003 illa
864 1964 929 2019 pro·
982 1963 1047 2008 rum
1060 1948 1202 2019 virginum
1213 1949 1421 2006 monasterium
1432 1948 1575 2014 habuisse,
1588 1954 1672 2021 prout
1683 1949 1808 2006 virorum

97 2018 237 2076 habiliter
248 2017 335 2076 etiam
346 2018 749 2090 exmiuistrorumlegentium
762 2018 929 2091 pronuntia·
982 2019 1116 2085 habebat,
1131 2020 1179 2091 qui
1195 2019 1279 2077 simul
1294 2024 1322 2075 at
1332 2019 1468 2075 monachi
1483 2024 1567 2082 erant
1576 2027 1604 2075 et
1616 2019 1719 2088 clerici,
1732 2022 1809 2078 unde

97 2091 333 2158 tioneveniebat,
344 2107 394 2146 seu
408 2093 545 2148 lectiones
555 2091 612 2147 illia
622 2089 789 2162 simpliciter
802 2094 928 2162 legeren-
981 2094 1133 2161 tantopere
1145 2089 1260 2160 Eusebii
1271 2089 1395 2163 episcopi
1407 2090 1551 2146 memoria
1563 2091 1734 2150 celebratur.
1756 2089 1809 2148 ile·

97 2167 158 2228 tar,
173 2178 224 2218 seu
239 2161 327 2217 etiam
349 2168 533 2218 cantarentur
544 2177 607 2218 cam
626 2162 735 2234 liquida
747 2177 808 2218 voce
821 2177 847 2216 et
865 2178 927 2218 aon·
982 2178 1047 2217 mus
1062 2163 1179 2233 iusuper
1192 2164 1248 2220 troc
1259 2162 1380 2233 primam
1393 2161 1488 2232 reipsa
1503 2161 1591 2218 luisse
1605 2163 1634 2218 in
1647 2161 1809 2220 Occidentis

97 2238 224 2291 uenenis
239 2233 430 2300 modulatione,
443 2238 529 2304 prout
542 2235 629 2288 etiam
646 2249 723 2289 nunc
745 2233 775 2287 iu
796 2231 927 2289 Ecclesiis
982 2232 1417 2304 partibussacrarumvlrginum
1426 2233 1645 2288 monasterium.
1656 2233 1809 2299 Quidinle·

96 2310 214 2360 canmri
229 2305 323 2359 solent
337 2320 344 2372 3
362 2309 391 2360 et
404 2320 486 2376 copus
500 2309 601 2360 cantus
623 2321 753 2376 mapsam
776 2307 928 2361 utilitatem
981 2304 1039 2358 rim
1050 2306 1085 2359 de
1098 2303 1231 2375 virginali
1244 2303 1421 2360 monasterio
1433 2304 1607 2375 Aquileiensi
1618 2304 1806 2371 censebimus,

95 2377 276 2447 agnoscebat
288 2381 404 2431 sauctus
424 2375 601 2447 Augustinus
619 2375 840 2432 Conl‘essionum
853 2375 926 2430 libro
981 2379 1048 2447 pasl
1060 2374 1190 2430 medium
1198 2379 1311 2430 tantum
1327 2374 1460 2446 quintum
1475 2375 1613 2429 soeculum
1624 2391 1641 2430 a
1654 2375 1749 2431 lticeta
1758 2391 1807 2431 no·

97 2464 127 2513 x,
139 2448 235 2519 capite
243 2447 289 2504 33.
981 2450 1041 2501 stro
1057 2444 1181 2517 primum
1199 2443 1383 2512 memorato?
1397 2445 1543 2518 Conjicero
1562 2461 1632 2502 sane
1645 2461 1807 2517 possumus,

122 2515 927 2591 'Sedjamnosrevocatsasrarumvirginuminstitutum‚
982 2532 1075 2592 neque
1085 2532 1203 2588 prorsus
1216 2516 1315 2583 invite,
1327 2517 1363 2572 ad
1380 2524 1515 2588 quartum
1527 2515 1657 2572 Ecclesiae
1671 2518 1809 2574 saeculum

96 2590 219 2661 dequo,
236 2590 305 2660 quid
319 2589 458 2644 doctrinm
473 2590 576 2644 Nicetae
590 2588 780 2660 Aquileiensis
798 2593 928 2660 temporo
982 2587 1124 2651 pertinere
1139 2592 1228 2643 etiam
1240 2586 1380 2658 virginale
1394 2586 1603 2642 monasterium
1618 2588 1807 2661 Aquileiense,

96 2671 187 2728 esset,
194 2662 260 2734 jam
271 2659 394 2715 vidimus
404 2676 505 2732 supra,
517 2665 640 2724 utnuuc,
651 2676 715 2731 quae
723 2663 761 2714 ad
770 2660 926 2731 displinam
981 2656 1072 2713 immo
1082 2659 1119 2713 ad
1133 2656 1226 2731 ipsam
1235 2658 1347 2715 Eusebii
1357 2657 1539 2715 vercellensis
1549 2661 1677 2726 selamin,
1686 2658 1708 2713 si
1722 2659 1765 2714 vel
1773 2674 1808 2714 ea

97 2747 217 2803 quoquo
244 2735 400 2803 pertinent,
428 2732 620 2802 exploremus.
640 2729 681 2786 De
703 2733 793 2786 sacris
820 2729 928 2785 scilicet
981 2728 1144 2784 accolamus
1158 2728 1261 2810 quain
1276 2727 1415 2784 mantissa
1431 2728 1709 2800 adcaputquartum
1724 2728 1809 2801 hujus

96 2805 190 2859 etiam
207 2803 399 2859 nunceisdem
409 2801 563 2873 virginibus
571 2803 727 2873 loquimur,
737 2817 801 2873 quai
813 2801 928 2857 cmtita·
981 2799 1192 2856 dissertationis
1201 2799 1348 2871 attigimus
1358 2814 1365 2865 ;
1376 2802 1405 2853 et
1414 2799 1438 2854 si
1452 2805 1580 2854 mentem
1588 2799 1748 2870 praesertim
1759 2817 1807 2871 po·

95 2879 160 2931 tem
171 2873 321 2945 publicein
336 2873 459 2930 Ecclesia
468 2875 685 2945 protitebantur,
699 2873 926 2944 acceptosolem·
981 2887 1086 2930 namus
1100 2872 1137 2927 ad
1145 2869 1371 2943 nonagenariam
1385 2868 1584 2925 aetatcmillius
1596 2874 1713 2925 sacrate
1725 2869 1810 2941 virgi·

97 2947 178 3002 niter
190 2946 374 3017 abepiscopo
392 2960 473 3000 sacro
488 2945 641 3012 velamine,
664 2944 783 3016 aliisque
804 2942 927 3016 peractis
981 2941 1026 2997 nis
1041 2942 1195 3009 Columbae,
1211 2945 1310 3023 alequa
1323 2939 1431 2996 ibidem
1446 2957 1480 2997 ex
1493 2945 1621 2997 nostrate
1633 2940 1727 3012 lapide
1741 2942 1808 2997 Oso-

95 3014 926 3088 adnujusmodisiicromritumceremoniistlonaslerium
980 3011 1808 3086 piensi,quasqucverisimiliteradingiaalemonasterium

95 3090 199 3160 itaque
209 3089 347 3158 virginale
359 3088 389 3143 iu
397 3086 498 3159 primis
506 3103 524 3142 a
532 3086 633 3142 Niceta
641 3093 740 3144 nostro
748 3091 927 3142 memoratur
980 3083 1162 3157 Aquileiense
1172 3083 1318 3156 pertinuit.

94 3163 128 3215 in
143 3158 288 3215 libelload
298 3159 430 3240 lapsam,
443 3157 536 3229 capite
547 3159 573 3224 l,
582 3174 662 3213 num.
678 3159 730 3213 ²8:
744 3181 759 3208 a
773 3159 868 3213 ouilia
880 3158 927 3212 do·
941 3153 963 3214 G
1017 3153 1280 3212 celebratissimum
1291 3152 1422 3210 aeclesia
1432 3151 1622 3224 Aquileiensis
1632 3152 1742 3209 clerum
1756 3154 1808 3209 ibi·

95 3247 182 3288 muni
204 3231 295 3301 patris
309 3239 359 3296 tui,
377 3235 407 3286 ut
428 3233 564 3301 scriptum
585 3233 640 3299 est,
658 3230 696 3285 ad
717 3229 927 3284 monasterium
982 3226 1050 3282 dem
1061 3227 1124 3300 jam
1140 3225 1264 3284 vidimus
1279 3229 1332 3281 sub
1346 3223 1497 3281 Valeriano
1512 3224 1655 3295 episcopo,
1670 3224 1720 3295 qui
1732 3241 1809 3281 anno

96 3303 241 3374 virginale
250 3299 385 3357 transisti.
398 3301 544 3358 »Ubinam
553 3316 619 3355 vero
627 3299 714 3356 situm
723 3301 925 3356 hacmonaste·
981 3298 1093 3354 circiter
1107 3298 1159 3352 368
1172 3301 1223 3354 aut
1238 3297 1291 3353 369
1309 3295 1505 3367 episcopatum
1527 3294 1739 3367 Aquileiensem
1756 3296 1810 3352 ini·

93 3373 177 3431 rium
200 3372 337 3443 virginale
356 3371 545 3442 Aquileiensis
571 3373 702 3428 Ecclesiae
724 3373 777 3426 sub
798 3368 927 3427 Nicetai
982 3368 1033 3424 vit.
1049 3367 1271 3426 celeberrimum
1281 3367 1382 3424 itidem
1395 3366 1605 3422 monasterium
1620 3368 1749 3422 virorum
1763 3383 1810 3423 eo·

95 3444 239 3517 Aquileia
254 3445 402 3509 nimirum,
414 3449 443 3499 el
457 3459 487 3498 in
499 3443 588 3498 medio
599 3444 722 3510 cindato,
737 3447 770 3498 ut
780 3457 838 3498 non
850 3458 928 3514 aegre
982 3441 1050 3498 dem
1065 3443 1194 3512 tempore
1206 3439 1343 3511 Aquileiae
1360 3436 1520 3494 sanctitatis
1535 3453 1568 3492 ac
1580 3437 1717 3492 doctrine
1730 3437 1809 3493 tama

94 3515 264 3587 colligimus
278 3515 386 3572 ibidem
398 3531 433 3570 ex
443 3513 536 3585 capite
545 3515 575 3580 t,
585 3530 666 3572 num.
682 3515 727 3569 tl.
737 3514 818 3570 Prius
831 3529 929 3570 sacras
981 3510 1088 3570 florem
1096 3510 1266 3583 agnovimus
1277 3527 1284 3566 :
1294 3511 1458 3589 cultamque
1468 3507 1555 3565 simut
1567 3506 1737 3588 uirginitatis
1748 3506 1810 3563 lau·

95 3587 227 3658 virgines
249 3585 279 3641 in
294 3587 418 3643 Ecclesia
438 3585 580 3641 exstitisse
600 3590 730 3641 solemne
749 3586 928 3658 propositum
982 3580 1208 3653 demaseqniori
1220 3597 1289 3636 sexu
1299 3597 1334 3636 ex
1345 3579 1402 3634 divi
1413 3581 1579 3649 Hieronymi
1588 3583 1753 3633 testimonio
1767 3580 1810 3634 in·

97 3658 275 3730 virginitatis
289 3661 442 3729 protessus,
457 3673 545 3728 quain
569 3673 669 3713 earum
691 3658 882 3727 receptacula,
897 3654 927 3711 in
982 3654 1155 3712 talleximus.
1164 3651 1267 3719 Quidni
1279 3657 1307 3707 et
1322 3648 1530 3730 monasterium
1539 3649 1603 3729 jain
1617 3653 1685 3703 tunc
1698 3651 1812 3704 steterit

96 3744 205 3802 quinus
216 3728 367 3785 uuasimul
379 3729 592 3785 diversarentur
602 3743 787 3784 accommuni
801 3731 927 3799 quadarn
981 3722 1132 3796 virginale,
1142 3720 1330 3778 meiitoillius
1340 3720 1505 3776 cleritantis
1514 3717 1646 3774 laudibus
1655 3719 1808 3788 celebrati3

95 3800 352 3873 regularitatem,
361 3816 407 3856 res
417 3800 565 3870 explorata
577 3800 688 3855 videtur
704 3800 779 3869 apud
787 3797 925 3865 eruditos,
982 3789 1810 3866 praesertimveroairecolamus‚magissemperinterluisse

96 3876 148 3928 ubi
165 3879 344 3930 sacratarum
360 3872 501 3942 virginum
517 3872 664 3942 primevae
688 3869 782 3925 atatis
800 3863 929 3940 exempla
981 3861 1808 3934 tutelaeacdeeorivirginumprovidere‚communiearum·

95 3952 262 4014 complura,
274 3960 337 4015 quia
352 3944 473 4014 propriis
488 3946 517 3996 in
527 3942 661 3997 domibus
669 3942 867 4008 morabantur,
877 3945 928 3996 aut
982 3941 1049 3994 dem
1062 3935 1494 4000 habitaculocanstituto,uuam
1502 3929 1808 4014 nomonacborum

95 4019 179 4081 sola,
191 4021 241 4070 aut
250 4022 327 4070 certe
336 4031 435 4086 paucis
444 4011 575 4069 sociabus
585 4013 682 4069 unitae.
697 4012 842 4068 Asceteria
852 4029 928 4084 quse·
981 4006 1140 4077 disciptinae
1153 4005 1168 4061 i
1183 4008 1324 4062 Praeterea
1339 4013 1591 4086 nonagenariailia
1604 4008 1718 4058 sacrata
1729 4019 1808 4075 virgo

94 4092 169 4143 dam
185 4084 373 4144 nibilominus
386 4083 845 4154 exstitissesacrarumvirginum,
856 4086 927 4140 ieta
983 4079 1134 4144 Columba,
1147 4093 1210 4152 quae
1226 4092 1303 4132 anno
1315 4075 1368 4157 lta
1382 4077 1461 4142 obiit,
1477 4079 1518 4129 uti
1528 4074 1635 4128 ibidem
1651 4090 1684 4129 ex
1704 4073 1808 4130 Fonta-

93 4159 203 4231 primis
213 4157 343 4214 Ecclesiae
352 4157 538 4228 temporibus,
550 4157 677 4211 maxime
689 4171 755 4211 vero
764 4157 795 4210 in
803 4153 926 4210 Orientis
984 4146 1560 4227 ninianimadversionibusmonebamus,
1568 4145 1735 4225 quieque'ad
1746 4161 1807 4200 mo·

94 4229 239 4302 partious,
249 4229 353 4286 eruditi
367 4229 467 4284 itidem
483 4233 605 4298 probare
613 4227 800 4282 contendunt.
810 4226 925 4281 Precia-
982 4219 1142 4278 nestorium
1163 4218 1240 4274 idein
1257 4217 1394 4289 virginale
1417 4216 1601 4297 Aquileiense
1625 4215 1808 4297 versimiliter

92 4317 164 4357 rum
179 4303 317 4372 quiddam
339 4306 488 4370 deprimis
503 4304 532 4354 et
548 4298 756 4369 antiquissimis
779 4312 925 4353 sacrarum
982 4287 1165 4371 pertinuitflde
1175 4307 1231 4361 quo
1241 4289 1460 4346 Nicetasnoster
1470 4288 1605 4370 loquitur,
1618 4291 1806 4370 utiipsequo·

95 4373 368 4443 virgiuumcoetibus
380 4369 586 4426 animadvertit
598 4369 927 4425 clarissimusAlteserra
980 4380 1036 4436 que
1048 4364 1176 4419 eruditus
1191 4360 1293 4441 praesul
1309 4360 1412 4441 eedem
1431 4357 1494 4441 locq
1507 4374 1542 4440 ex
1559 4375 1594 4440 ¹.¹⁸
1614 4374 1678 4429 quie
1694 4374 1808 4429 praemi·

93 4443 129 4500 in
146 4459 232 4513 opere
246 4442 292 4497 cui
305 4444 403 4497 titulus
417 4440 577 4507 asceticon,
594 4440 682 4513 245
702 4441 762 4496 sive
776 4439 925 4511 Originum
980 4439 1059 4491 serat
1067 4433 1163 4506 procul
1175 4433 1261 4488 dubio
1274 4434 1448 4500 deduxisset,
1464 4445 1518 4484 nisi
1534 4429 1622 4484 aliam
1634 4445 1650 4484 a
1664 4435 1761 4503 nostra
1771 4431 1807 4488 de

93 4514 141 4572 tei
163 4516 342 4582 monastice,
363 4514 436 4578 libio
456 4530 493 4579 ui,
515 4511 608 4584 capita
626 4526 655 4581 a,
679 4510 726 4567 ubi
743 4512 785 4566 ita
804 4510 923 4567 scribit:
943 4503 1413 4580 [tltiaetaboclibeltioiltapsam
1429 4501 1728 4560 auctoresententiam
1740 4517 1807 4558 cuin

94 4608 113 4638 a
129 4587 316 4658 ‘temporibus
331 4583 528 4656 apostolorum
543 4598 724 4655 nequaquam
737 4581 869 4638 auditum
883 4587 927 4637 est
980 4576 1390 4636 eommunitunceruditorum
1400 4574 1510 4656 calculo
1521 4574 1702 4655 amplexatus
1712 4578 1806 4642 esset;

95 4673 205 4714 nomen
217 4671 439 4714 monscnorum:
451 4658 487 4712 ab
499 4655 568 4726 ipsis
579 4661 677 4712 tamen
685 4653 822 4726 apostolis
832 4669 926 4709 sacra·
980 4649 1039 4716 illa,
1049 4648 1178 4721 inquam,
1187 4646 1384 4727 nonagenaria
1395 4647 1572 4727 Virgo-letale
1581 4661 1643 4717 ipsa
1653 4659 1703 4700 sua
1714 4651 1808 4702 osten·

94 4744 166 4786 rum
182 4728 325 4802 virginum
340 4736 369 4785 et
386 4729 536 4784 viduarum
549 4726 669 4798 collegia
682 4726 712 4782 in
725 4725 850 4782 Ecclesia
862 4741 925 4782 esse
979 4724 1245 4778 memonasterium
1264 4719 1402 4794 virginale
1416 4719 1596 4797 Aquileiense
1619 4717 1656 4796 ad
1671 4720 1807 4786 quartum

96 4816 222 4871 coepere.
235 4824 250 4850 n
263 4799 407 4872 Quidquid
421 4803 519 4856 autem
533 4797 571 4854 sit
584 4802 620 4853 da
633 4798 758 4869 collegiis
771 4798 817 4853 tiis
830 4813 924 4854 sacra·
979 4791 1118 4850 saeculum
1142 4789 1295 4872 pertinere.
1318 4795 1359 4871 Ac
1373 4794 1450 4870 certe
1465 4788 1622 4842 Fontauius
1634 4787 1711 4840 idem
1724 4788 1808 4841 tiam·

95 4889 166 4929 runi
175 4873 317 4944 virginum
328 4870 501 4943 apostolicis,
513 4887 577 4942 quia
585 4871 722 4926 admstai
731 4868 839 4925 luerint
848 4885 925 4925 asce-
979 4863 1114 4922 mentarii
1123 4878 1166 4918 sui
1174 4866 1268 4933 capite
1278 4859 1320 4930 16,
1329 4872 1468 4940 virginem
1479 4856 1646 4939 Eolumbam
1662 4863 1806 4937 sacratam

93 4944 238 5001 teriorum
252 4943 419 5015 posterioris
433 4943 503 5013 aevi;
514 4948 550 4998 de
560 4941 704 4997 resciticet
716 4940 793 4995 baud
807 4941 923 5012 quidem
979 4933 1067 4994 luisse
1081 4933 1199 5013 conjicit
1217 4950 1234 4989 a
1250 4934 1400 4990 Valeriano
1421 4929 1645 5000 Aquileiensium
1660 4942 1804 4998 episcopo,

94 5015 171 5072 satis
182 5016 323 5072 hactenus
336 5018 485 5087 explorata
500 5029 508 5080 ;
523 5018 633 5070 certum
654 5019 753 5067 tamen
772 5027 806 5067 ex
820 5027 922 5066 monu-
977 5005 1028 5080 qui
1041 5021 1119 5063 auno
1140 5004 1256 5084 circiter,
1272 5003 1324 5058 388
1343 5007 1394 5057 aut
1409 5001 1463 5055 389
1482 5000 1518 5080 ad
1531 5013 1658 5080 superos·
1671 4996 1803 5065 evolavit,

93 5088 204 5144 mentis
229 5088 370 5143 veteribus
388 5086 453 5159 jam
473 5085 595 5152 videtur,
617 5097 765 5140 sacrarum
779 5082 923 5153 virginum
978 5085 1010 5135 ut
1025 5077 1099 5149 apud
1114 5077 1153 5131 De
1167 5075 1272 5134 itubeis
1283 5074 1315 5154 in
1322 5073 1516 5154 Monumentrs
1525 5087 1534 5142 ;
1544 5075 1660 5151 etiamsi
1670 5069 1804 5123 eamdem

93 5161 258 5226 societates,
270 5165 465 5230 postdatama
476 5155 664 5212 Constantino
672 5155 802 5210 Ecclesiae
809 5153 921 5225 pacem,
977 5148 1135 5204 dixerimus
1145 5162 1203 5201 non
1213 5151 1460 5226 anteuiigesimum
1470 5156 1529 5223 suae
1539 5144 1633 5195 entis
1643 5154 1750 5220 aiinnm
1761 5155 1807 5196 sa·

94 5230 208 5303 publice
219 5231 362 5286 emnbsse
374 5232 463 5285 etiam
476 5224 922 5296 intlccidente,easquevirgioes
976 5236 1057 5276 crum
1073 5218 1201 5274 velamen
1224 5219 1394 5287 virginitatis
1415 5226 1576 5293 accepisse:
1596 5225 1807 5292 quamsinpro

93 5319 155 5359 una
169 5303 257 5358 simul
273 5304 325 5358 sub
339 5306 466 5373 quadam
480 5298 637 5370 disciplinas
656 5300 756 5369 regula
772 5295 873 5352 vixisse
891 5295 920 5351 in
977 5296 1046 5370 ²⁹⁰⁰.
1057 5290 1163 5370 ibidem
1181 5288 1512 5369 ,ἃδδθζῑᾶῃθῑρὓῑῑῦέῠῐθ
1525 5298 1554 5336 ¹¹¹
1578 5281 1623 5363 ¹1¹?
1643 5285 1808 5363 regionibus

93 5376 207 5431 aedibus
213 5378 252 5429 ad
260 5379 316 5428 lioc
323 5372 470 5438 institutis,
483 5388 544 5443 quan
555 5369 732 5426 monasteria
741 5372 921 5434 vocarentur,
978 5361 1139 5431 disciplina,
1150 5363 1239 5416 etiam
1251 5373 1377 5438 puniaris
1387 5360 1481 5435 aetatis
1492 5350 1591 5425 puelle
1597 5353 1700 5425 iudicii
1710 5358 1806 5437 matu3

94 5446 211 5504 etiamsi
229 5445 419 5502 nibilominus
431 5446 609 5498 consuetudo
634 5455 746 5511 quoque
770 5439 877 5512 vigeret
892 5446 922 5493 ut
975 5433 1093 5489 ritatem
1104 5429 1414 5512 praeseiei⁴entestiupus
1422 5431 1480 5481 voli
1488 5431 1634 5505 compotes
1641 5425 1750 5493 tierent,
1763 5431 1805 5481 uti

93 5523 230 5590 quaedam
243 5534 278 5572 ex
292 5515 337 5572 liis
355 5515 444 5574 saeris
467 5513 631 5584 virginibus,
647 5511 735 5567 etism
755 5515 871 5581 accepto
885 5512 922 5565 ab
975 5509 1285 5583 exmonumenlisquai
1296 5502 1373 5581 idem
1385 5496 1683 5570 prolerl,acmaxime
1693 5510 1727 5552 ex
1737 5513 1806 5569 quo-
1886 5523 1890 5528 ·

93 5604 229 5662 episcopo
240 5603 322 5644 sacro
338 5585 489 5651 velamine,
500 5595 588 5640 iilam
603 5582 775 5639 domesticos
787 5583 861 5636 inter
873 5598 922 5652 pa·
976 5578 1046 5632 dam
1067 5574 1162 5655 lapide
1184 5571 1353 5655 ltercellensi
1371 5570 1446 5641 apud
1466 5568 1615 5650 Gruterum
1626 5583 1701 5650 pag.
1723 5567 1803 5635 litu,

92 5667 181 5722 rietes
191 5665 318 5733 agerent,
331 5666 363 5715 ut
375 5666 456 5733 patet
469 5660 505 5715 de
519 5655 623 5714 celebri
635 5654 686 5710 illa
695 5652 879 5709 Demetriade
887 5667 921 5707 ex
976 5662 1056 5729 nuni:
1072 5646 1099 5713 l,
1115 5646 1163 5701 ubi
1178 5660 1257 5715 virgo
1267 5643 1398 5726 quedam
1409 5640 1562 5695 demortua
1574 5638 1717 5695 indicatur
1726 5656 1804 5696 anno

94 5734 262 5792 Aniciorum
277 5747 413 5806 progenie
427 5733 463 5789 de
480 5746 538 5802 qua
557 5726 687 5801 superius
701 5725 867 5782 dicebamus
886 5739 921 5780 ex
976 5713 1803 5797 relatisauaelE,qumJamtunc«Texarat....sacroscasto

94 5803 223 5876 wittoiis
234 5809 405 5882 maleam*
415 5797 851 5876 Augustiniatqitettlcsonpiiii
862 5809 933 5884 ”⁸⁰2
976 5785 1121 5862 idemne
1136 5802 1268 5866 tritam
1283 5781 1347 5868 iani
1357 5783 1456 5874 *igitur
1466 5798 1535 5874 ¹curii
1548 5780 1683 5874 virginali
1704 5798 1804 5840 mona·
