4009 6192
105 293 189 372 litii
464 293 1456 378 P·.!RAIDAE'WA21011tA.dlfflAlli-Gfflss.
1733 311 1817 380 iiii

108 429 172 494 393,
189 428 284 503 sepite
297 428 521 518 sisaponensi
535 450 542 491 :
565 456 578 487 i
599 435 749 494 credimus
762 434 851 518 etium
871 435 936 492 iiids
949 428 976 494 Δ
990 431 1040 519 ille
1049 438 1136 496 verbe
1144 439 1314 498 excutienda
1323 444 1410 500 emnt
1419 440 1816 527 (comminuimus

107 508 253 585 venissen
264 510 535 562 convenientissimo
545 509 684 591 tempore,
698 511 727 564 et
739 507 935 578 iudicaturum
990 509 1221 582 eieuccipieoius‚
1242 513 1284 568 Tri
1302 512 1373 584 qiiod
1381 513 1499 572 uotiua
1511 530 1569 572 sios
1589 517 1817 584 nisineoturiis‘si

107 590 182 628 oinos
195 582 221 630 et
232 578 364 631 mortuos.
378 577 443 632 Sive
455 576 517 634 istis
535 578 700 635 nominibus
711 579 783 651 justi
795 582 825 634 et
838 594 934 649 peccu-
989 580 1072 650 prtiis
1089 585 1294 652 moriatur;et
1310 587 1408 644 Oinnss
1422 600 1486 641 risii
1584 603 1607 656 s,
1628 586 1698 656 sive,
1721 588 1818 646 Orines

106 649 186 701 tores
200 644 394 717 significentur
408 647 487 714 ;sive
508 666 580 720 quos
594 654 661 706 tuuc
684 654 752 706 ente
765 654 890 706 mortem
905 650 935 705 in
989 649 1162 714 dormiemus.
1187 658 1219 710 ut
1233 669 1291 712 uon
1306 655 1493 712 adversentur
1526 656 1745 720 uicseuteutiie,
1780 676 1818 716 ue

107 716 193 799 ternis
207 716 375 799 inventurus
384 723 436 782 est.
453 720 588 791 eppelleti
603 722 660 777 sint
671 721 737 785 vivi,
751 720 857 776 mortui
868 736 935 777 vero
989 722 1107 792 quidem
1124 726 1280 782 creduntur
1293 726 1382 798 200
1397 726 1485 782 etium
1500 743 1566 784 cum
1577 728 1637 784 suis
1651 677 1818 800 corporibus

107 803 160 858 qm
176 804 202 842 in
214 789 408 859 ejusedventn
415 791 599 848 resurrecturi
610 796 685 848 sunt.
704 793 760 848 vlu
771 791 935 849 Euchiridio
989 792 1019 848 in
1032 797 1184 863 eternum,
1200 811 1258 853 uon
1273 796 1292 852 il
1330 800 1422 852 uststa
1436 803 1540 865 morte,
1552 798 1664 856 victuri.
1677 821 1692 850 i
1706 804 1784 858 Anco
1804 819 1818 858 s

106 874 223 942 quoque
242 859 278 915 de
304 859 382 920 Fide.
405 861 460 932 Spe
474 866 503 917 et
528 863 680 922 charitate.
706 864 782 934 quod
797 864 934 934 scriptum
988 863 1177 923 nihilomiuus
1195 884 1228 923 sii
1267 885 1282 923 r
1326 819 1817 942 ecdiifiouiteieienctuisuguili-

102 930 253 1056 bibicmm
266 935 332 1000 post
341 947 453 1014 eunom
469 933 532 999 iso,
555 937 606 989 eut
627 935 730 991 eodem
755 934 843 991 etiem
857 949 934 991 suno
989 951 1053 1002 uus,
1067 953 1101 993 eo
1116 884 1271 1009 quomoifg,
1284 954 1422 996 converso
1432 941 1468 996 ed
1483 940 1668 998 Mercatorem
1682 957 1817 999 sermone

185 1001 273 1056 bebet
285 1007 378 1073 sepite
392 1004 427 1060 ⁵5
442 1019 450 1058 t
464 1025 479 1054 α
494 1004 609 1061 Duobus
624 1009 721 1061 eutem
737 1004 830 1061 modis
844 1004 934 1075 eccipi
988 1005 1018 1062 in
1032 1007 1236 1079 tineepistolae,
1247 1011 1381 1066 eumdem
1392 1009 1817 1082 elloquebetur‚utcleriuseli·

107 1076 214 1143 potest,
227 1074 304 1138 quod
316 1073 395 1130 vivos
406 1079 436 1130 et
450 1080 579 1132 mortuos
588 1075 728 1144 judicabit
743 1093 749 1131 :
772 1074 831 1132 sive
843 1079 875 1130 ut
895 1076 934 1130 vi·
988 1078 1057 1147 quid
1072 1079 1223 1136 decadem
1248 1079 1407 1152 intelligere
1419 1088 1514 1153 posset
1526 1098 1533 1137 :
1547 1105 1562 1133 ο
1583 1085 1723 1140 Ceterum
1777 1085 1816 1141 od

106 1160 158 1199 vos
172 1142 377 1214 intelligemus,
387 1161 459 1216 quos
471 1146 517 1203 hic
528 1148 656 1204 nondum
669 1151 809 1212 mortuos,
824 1147 875 1204 sed
884 1147 935 1203 ιιι-
988 1149 1093 1205 ιιιιιιι
1105 1150 1142 1205 ed
1158 1150 1347 1222 quaestionem
1361 1153 1586 1211 resurrectionis.
1609 1159 1725 1227 propter
1738 1156 1749 1212 i
1761 1154 1816 1221 los,

106 1212 164 1270 linc
176 1214 206 1269 iu
218 1213 274 1270 ista
287 1231 374 1271 cerne
386 1217 512 1274 viventes
523 1218 690 1275 inventurus
701 1224 744 1276 est
752 1219 815 1291 ejus
827 1218 933 1276 edven·
987 1220 1036 1301 qui
1048 1220 1204 1278 creduntur
1220 1238 1276 1277 uon
1291 1239 1352 1280 esse
1365 1224 1507 1286 morituri.
1523 1226 1573 1282 sed
1593 1242 1626 1279 rii
1641 1225 1694 1282 liiic
1707 1231 1815 1282 mortu·

106 1289 170 1346 tus:
187 1289 316 1341 mortuus
327 1291 424 1344 eutem
439 1288 534 1358 quide
552 1305 678 1361 corpore.
694 1289 874 1360 priusquam
889 1305 934 1344 ve·
962 1333 969 1338 .
988 1289 1069 1346 litate
1082 1293 1119 1347 sd
1133 1291 1351 1350 immortalitem
1366 1294 1428 1350 siue
1442 1295 1539 1350 medie
1553 1301 1646 1351 morte
1655 1297 1813 1361 eiecturi.

104 1355 180 1421 niet,
195 1356 326 1413 exierunt
339 1358 382 1415 vel
399 1359 500 1416 exituri
527 1365 614 1416 sunt:
641 1361 700 1417 sive
725 1360 803 1416 vivos
826 1360 932 1428 justos,
986 1359 1135 1432 inquisitio
1150 1362 1199 1419 dili
1221 1363 1314 1420 eutior
1327 1364 1490 1421 edbibenda
1502 1369 1546 1422 cst
1557 1383 1564 1433 ;
1577 1371 1607 1422 et
1617 1365 1642 1422 si
1686 1367 1733 1422 iiid
1748 1367 1815 1426 liiuc

104 1431 235 1510 mortuos
250 1433 346 1484 eutem
359 1429 501 1502 injustos;
526 1431 661 1502 quoniam
679 1432 765 1514 237
780 1430 852 1515 justi
864 1448 932 1500 quo·
987 1432 1150 1490 absolutum
1159 1379 1348 1517 ecgeduitum
1356 1383 1720 1519 dispumboueretionsbili
1728 1442 1815 1520 etque

102 1499 380 1568 queJudimbuntur.
398 1522 412 1550 s
426 1501 591 1560 lteseuctus
598 1506 771 1574 Augustinus
780 1502 932 1560 articulum
987 1503 1169 1574 pertentaret
1188 1506 1303 1568 audisti.
1319 1507 1362 1563 vel
1373 1507 1478 1580 legisti,
1501 1506 1543 1564 vol
1558 1512 1646 1564 etiem
1668 1508 1729 1579 ipse
1741 1523 1817 1580 eogi-

83 1596 86 1601 ·
103 1569 235 1640 symboli
249 1570 286 1626 de
300 1571 411 1640 jndicio
430 1572 526 1628 tuturo
551 1573 683 1630 vivorum
709 1578 738 1630 et
752 1578 931 1630 mortuorum
986 1578 1050 1631 tare
1063 1576 1191 1646 potuisti,
1206 1577 1265 1633 aive
1276 1576 1369 1634 edbuc
1388 1577 1499 1645 eudire,
1514 1583 1565 1634 eut
1586 1579 1690 1650 tegere,
1706 1583 1757 1634 eut
1770 1596 1817 1635 co·

103 1639 266 1723 explicsbst
278 1642 503 1714 ;utebsqueulls
514 1660 636 1701 censura
648 1644 770 1702 liberum
779 1645 881 1715 cuique
891 1660 933 1701 es-
986 1644 1078 1717 giteio
1094 1646 1230 1716 potueris,
1261 1652 1307 1704 sto
1324 1648 1394 1706 mibi
1407 1649 1522 1707 mittere
1535 1665 1592 1706 non
1605 1651 1742 1720 graveria.
1758 1652 1817 1722 ligo

102 1717 148 1793 set
161 1728 290 1768 vivorum
307 1714 424 1770 nomine
440 1715 683 1786 comprehendere
697 1715 784 1772 etiem
801 1731 932 1797 eosquos
985 1715 1064 1772 enim
1079 1717 1166 1788 (quod
1179 1666 1375 1775 condiendum
1388 1724 1432 1775 est
1445 1720 1580 1777 eberitati
1593 1721 1662 1846 tuieg
1674 1721 1816 1792 plusauio

102 1799 183 1838 vivos
198 1787 360 1852 postremus
379 1785 482 1842 Christi
503 1787 643 1844 udientus
666 1787 802 1851 offendet,
828 1803 932 1869 quique
947 1793 971 1852 Β
986 1787 1095 1844 discere
1107 1805 1194 1860 quem
1218 1789 1331 1855 docere,
1347 1795 1400 1845 etc.
1424 1811 1437 1842 s
1458 1791 1502 1846 lte
1512 1796 1629 1848 sanetus
1661 1797 1742 1848 octor
1756 1797 1815 1849 Au-

103 1854 141 1910 ed
153 1854 296 1925 judicium
311 1872 370 1913 une
379 1873 446 1914 cuin
457 1859 579 1915 mortuis
592 1857 735 1915 suscitatis
748 1857 860 1915 venturi
875 1862 933 1914 sint
1007 1857 1127 1924 ustinus,
1143 1874 1219 1916 anuo
1231 1860 1294 1924 iis,
1308 1862 1343 1917 de
1356 1860 1484 1916 vivorum
1497 1866 1526 1917 st
1542 1866 1721 1918 mortuorum
1733 1861 1816 1918 intet-

102 1925 214 1995 ubsque
231 1931 335 1984 morte.
985 1875 1103 1998 figendo
1117 1945 1212 1995 seusu,
1228 1932 1305 2014 quud
1317 1936 1428 2003 spectet
1444 1932 1482 1988 ad
1494 1932 1648 2005 judicium,
1667 1933 1736 1988 dum
1751 1950 1814 1990 rein

141 1997 213 2051 item
233 1997 421 2054 nihilominus
446 2000 516 2056 dete
530 2000 681 2056 occisione
695 1999 819 2070 penitius
840 1997 932 2070 inqui·
985 2001 1055 2056 dete
1068 2015 1155 2071 opere
1167 2001 1333 2071 inquireret.

105 2069 227 2123 mudum
242 2068 296 2123 sibi
310 2074 499 2140 proposuerat
521 2077 637 2127 seuctus
663 2072 780 2134 doctor;
806 2071 883 2142 quod
902 2074 932 2125 et
1021 2072 1078 2128 Sed
1089 2072 1157 2143 quid
1172 2072 1243 2129 libio
1258 2090 1293 2128 u
1305 2073 1342 2129 de
1356 2073 1476 2129 tivitiite
1488 2073 1547 2139 Dei,
1564 2078 1629 2145 post
1649 2090 1743 2130 enuoe
1760 2074 1814 2129 cir·

104 2138 183 2204 lecit,
195 2138 316 2209 epistole
330 2142 489 2212 presertim
504 2142 556 2199 ine
571 2144 607 2198 ed
621 2144 818 2204 Mercetorem,
837 2141 932 2214 capite
985 2142 1057 2199 citur
1068 2146 1179 2214 septem
1192 2144 1228 2200 ab
1239 2145 1343 2201 eodem
1354 2143 1470 2215 scripto,
1486 2144 1533 2200 ubi
1548 2159 1607 2201 rem
1620 2147 1754 2201 eamdem
1762 2144 1814 2201 ite-

102 2210 132 2271 A.
148 2226 210 2279 quie
221 2212 259 2265 ed
273 2228 383 2268 ennum
397 2213 519 2283 pertinet
530 2215 592 2270 iis.
609 2214 750 2270 deiudeet
761 2214 798 2269 de
812 2213 931 2269 civitate
984 2230 1050 2269 rum
1061 2213 1118 2272 sibi
1133 2215 1340 2272 enucleandum
1383 2214 1534 2286 reposuit?
1548 2216 1648 2272 Verbis
1662 2216 1758 2273 denuo
1773 2217 1813 2271 sl-

102 2280 155 2337 Dei
169 2280 241 2337 libro
256 2298 300 2344 ιι.
316 2283 409 2352 cupite
427 2301 540 2354 quoque
562 2285 608 2350 20,
624 2284 672 2354 qui
688 2284 768 2348 liber,
786 2288 818 2340 ut
842 2283 929 2356 couji·
984 2283 1052 2364 latii
1074 2285 1202 2356 Apostoli
1215 2289 1277 2342 tum
1292 2287 1328 2341 nd
1344 2232 1619 2348 iboiiiooioevies.
1635 2290 1695 2346 tum
1712 2289 1749 2343 ed
1764 2288 1814 2342 Co·

103 2368 386 2495 ttonlttt
404 2354 515 2481 titt
528 2353 929 2498 ttttttttttttttt
983 2354 1116 2482 tttttt
1130 2356 1814 2486 itti‘ttttt‘ttttttutttttittttttti

102 2494 155 2549 ille
169 2511 255 2565 porro
270 2469 390 2567 epistole
404 2497 500 2554 elletis
510 2498 638 2567 Apostoli
650 2497 744 2554 verbis
756 2498 768 2552 1
782 2497 930 2556 Thesselo·
984 2469 1188 2556 immortilites
1198 2495 1647 2555 ultimorumviventiumesseite
1656 2470 1815 2571 uppefetut

102 2564 262 2622 nicensium
272 2583 319 2622 iv:
336 2568 372 2623 Et
384 2584 431 2624 iios
443 2570 561 2624 οιοιιιιιι
575 2571 626 2640 qiii'
646 2570 750 2652 reli'qiii'
771 2585 880 2634 mmsis,
891 2569 929 2623 si·
983 2567 1060 2624 idem
1074 2568 1249 2641 Augustinus
1266 2569 1373 2633 eiebet,
1387 2568 1556 2640 explicanda
1571 2569 1617 2625 bic
1632 2570 1726 2639 potius
1738 2583 1815 2626 esse·

100 2636 161 2692 siiit
171 2652 234 2693 essi
248 2638 306 2694 tl's's
321 2639 462 2709 ropiunsr
476 2640 506 2694 iii
519 2640 636 2696 istim
649 2640 754 2695 obsiciis
772 2640 886 2697 Ctirs'sto
898 2639 930 2695 in
982 2642 1029 2693 rat
1043 2639 1136 2695 verbis
1150 2639 1212 2695 eliis
1227 2640 1264 2697 ad
1279 2639 1454 2704 Corinthios,
1476 2638 1523 2698 ubi
1548 2640 1678 2696 omnium
1694 2640 1814 2696 omnino

100 2724 179 2768 osso,
192 2715 217 2763 et
230 2709 270 2764 ιἰο
281 2726 458 2780 sempersusi
469 2712 584 2766 Domiiw
593 2712 707 2776 erimus,
719 2709 781 2766 liiiio
800 2728 851 2781 pro
865 2725 929 2768 seu·
984 2709 1136 2766 bominum
1150 2727 1237 2774 mors.
1247 2711 1435 2782 omniumque
1447 2710 1616 2767 resurrectio
1627 2711 1811 2781 prodiretur.

101 2779 194 2835 tentis
208 2779 279 2836 elius
291 2797 309 2836 a
320 2796 351 2836 se
364 2781 492 2853 exposite
506 2782 647 2838 scribebet
661 2799 669 2838 ε
687 2804 698 2832 i
716 2783 825 2838 iterem
839 2797 929 2853 queu-
984 2780 1036 2836 iiic
1049 2797 1170 2852 nemque
1188 2786 1265 2838 totus
1289 2786 1332 2837 est
1346 2790 1461 2837 sunctus
1470 2781 1583 2851 doctor,
1602 2785 1633 2836 ut
1645 2781 1812 2852 possibilem

102 2853 166 2905 tum
178 2850 216 2905 ad
226 2852 311 2907 verbe
320 2852 395 2908 beiti
404 2852 531 2924 Apostoli
543 2852 673 2924 pertinet,
682 2853 929 2909 videturesserere
983 2851 1100 2907 illorum
1112 2851 1280 2908 ultimorum
1296 2851 1452 2909 viventium
1466 2857 1587 2910 mortem
1597 2856 1709 2909 asseret
1721 2869 1756 2908 sc
1768 2869 1813 2909 re·

101 2922 243 2992 quosdam
259 2922 288 2977 io
301 2922 646 2982 itusseculiedvenieute
661 2922 928 2988 semisomnis·
983 2922 1201 2988 surrectionem,
1221 2923 1308 2980 etium
1329 2922 1359 2979 iu
1379 2922 1430 2978 illo
1455 2922 1622 2979 brevissimo
1637 2939 1671 2979 ac
1688 2922 1812 2979 minimo

102 2996 168 3048 ture
182 2996 225 3047 est
236 2994 406 3050 resurrectio
418 2999 609 3058 mortuorum,
624 3010 681 3051 nou
693 3010 755 3051 esse
763 2994 927 3059 morituros,
982 2993 1123 3065 temporis
1143 2993 1236 3065 spetio
1244 3012 1252 3065 ;
1272 2997 1301 3051 et
1314 2998 1344 3049 ut
1358 2993 1416 3052 elie
1430 3009 1543 3065 quoque
1557 2991 1711 3066 Scripturie
1725 2995 1812 3051 verbe

100 3062 506 3136 sedvivosrepertosinilleoi
520 3066 930 3138 immortalitatemquieeeu·
982 3064 1125 3130 conciliet,
1150 3080 1215 3136 quie
1237 3069 1452 3122 contreeorum
1475 3068 1600 3122 mortem
1624 3065 1810 3146 iecerevide·

100 3134 156 3191 ctis
169 3134 258 3191 etiem
267 3135 376 3192 ceteris
390 3138 485 3198 detur,
499 3141 615 3206 repente
627 3137 793 3199 mutandos.
806 3136 927 3194 etsimul
943 3151 966 3212 ρ
982 3137 1097 3194 buntur.
1114 3136 1209 3201 Quieri
1232 3136 1314 3200 solet,
1331 3135 1433 3206 inquit,
1449 3141 1546 3192 utrum
1562 3136 1603 3191 illi
1614 3151 1686 3207 quos
1700 3136 1746 3192 bic
1770 3136 1812 3191 vi·

99 3204 231 3262 cumillis
253 3207 415 3270 ronmsdos,
430 3207 503 3264 sicut
517 3208 594 3274 dicit,
609 3209 641 3264 in
659 3208 775 3264 οιιιιιιι
789 3227 800 3261 .·
813 3224 866 3266 nec
878 3207 929 3264 uli·
983 3211 1082 3263 veutes
1094 3207 1263 3264 inventurus
1276 3212 1320 3264 est
1329 3205 1504 3266 Christus...
1518 3223 1677 3278 numquam
1692 3206 1812 3266 omniuo

99 3276 169 3348 quid
185 3277 263 3332 eliud
275 3277 346 3333 milvi
356 3278 449 3335 visum
460 3283 514 3343 est,
526 3279 639 3350 quoties
648 3279 684 3336 de
694 3279 738 3338 bii
751 3278 926 3336 verbisvoloi
983 3277 1116 3334 morituri
1130 3282 1196 3334 sunt
1210 3297 1217 3348 ;
1231 3293 1268 3334 on
1277 3277 1339 3349 ipso
1353 3277 1617 3349 temporisponcto,
1629 3295 1760 3346 quocum
1769 3295 1813 3334 re-

99 3347 236 3416 cogitare.
257 3369 271 3400 v
288 3350 419 3407 Herebat
433 3354 530 3407 tamen
545 3354 662 3407 sauctus
676 3352 776 3407 doctor
789 3350 859 3410 dnm
872 3349 930 3406 iilis
983 3349 1164 3421 surgentibus
1177 3346 1326 3419 rapientur
1340 3348 1369 3404 iu
1385 3349 1509 3405 nubibus
1527 3349 1556 3405 iu
1572 3350 1685 3405 obviam
1699 3349 1811 3405 Christo

98 3419 228 3492 ejusdem
244 3419 372 3491 Apostoli
384 3422 471 3478 verbe
484 3422 670 3493 perpenderet
683 3422 695 3478 l
716 3421 928 3479 Corinthiorum
983 3421 1012 3475 in
1028 3437 1107 3487 seru,
1119 3421 1156 3476 ed
1170 3419 1423 3477 immortulilntem
1436 3436 1486 3492 per
1498 3426 1621 3477 mortem
1633 3420 1707 3476 mire
1714 3420 1812 3476 eeleri-

100 3505 156 3546 iis:
172 3490 268 3558 Stulte,
280 3493 393 3562 tensuit
405 3494 599 3558 semisomnos
610 3493 777 3564 vivificetur,
787 3493 930 3565 iitsi'pri'iis
983 3495 1044 3549 tete
1058 3491 1232 3548 trnudbunt.
1242 3492 1339 3563 Neque
1356 3490 1433 3547 enim
1447 3491 1663 3554 dicendumst,
1679 3489 1740 3545 deri
1753 3506 1811 3545 uon

97 3561 257 3631 morisim
269 3567 299 3618 et
323 3562 379 3619 elie
400 3580 513 3635 qouque
531 3563 638 3620 ibidem
656 3581 662 3593 ·
686 3564 782 3621 Omnes
804 3579 931 3636 reserpe-
983 3579 1077 3634 posse,
1093 3567 1125 3618 ut
1139 3562 1207 3618 dum
1223 3578 1273 3633 per
1287 3578 1353 3619 nere
1365 3562 1396 3616 iii
1408 3561 1530 3617 sublime
1545 3565 1704 3631 portantur,
1720 3559 1749 3614 in
1762 3559 1811 3615 illo

98 3649 161 3688 ossi
175 3651 186 3687 .·
201 3648 261 3698 seii,
277 3637 310 3689 ut
330 3635 462 3691 nonnulli
476 3635 608 3691 codices:
630 3637 725 3693 onio
745 3635 929 3703 domemus,-
983 3633 1076 3704 spetio
1088 3633 1298 3697 etmorieutur,
1311 3636 1341 3688 et
1351 3631 1530 3712 reviviscant:
1548 3630 1810 3712 »Deindeposteli

98 3718 134 3760 ex
147 3702 279 3774 quibuse
296 3705 398 3762 mortis
411 3706 559 3762 subeunde
572 3706 715 3763 sententia
726 3705 821 3762 nullus
837 3706 928 3762 lioini·
983 3720 1041 3774 qua
1056 3724 1062 3762 :
1078 3724 1092 3756 i
1113 3703 1142 3759 Si
1155 3719 1224 3773 ergo
1237 3706 1362 3783 iunctos,
1376 3701 1424 3772 qui
1437 3705 1618 3783 reperientur
1635 3700 1811 3784 Christove-

100 3790 171 3830 nuin
195 3779 329 3847 exceptus
350 3776 469 3833 omnino
491 3777 612 3834 videtur.
628 3781 660 3832 ut
678 3775 928 3833 immortulitetem
984 3774 1082 3830 niente
1097 3773 1235 3836 viventes,
1250 3773 1333 3843 eique
1347 3788 1376 3827 iu
1389 3772 1503 3828 obviem
1518 3771 1675 3842 replentur,
1686 3774 1813 3829 credide-

137 3849 270 3916 rpetuem
283 3847 467 3918 adipiscetur.
482 3849 555 3913 Ouid
566 3847 776 3918 igitorsenctus
790 3846 928 3903 doctoriu
981 3845 1072 3899 minus
1088 3843 1116 3899 iu
1131 3845 1233 3900 eodem
1247 3849 1332 3914 raptu
1343 3842 1379 3899 de
1393 3842 1563 3908 mortalibus
1576 3843 1742 3915 corporibus
1754 3844 1813 3901 exi·

121 3932 156 3972 oc
173 3918 337 3986 spostolicae
359 3919 510 3975 locutionis
533 3918 620 3975 veluti
646 3917 802 3975 condictu?
822 3917 928 3974 {teletis
982 3918 1072 3980 toros.
1088 3919 1118 3970 et
1132 3915 1279 3972 edeadem
1289 3914 1541 3970 moximmortelie
1554 3915 1811 3980 redituros,uulliis

98 3987 206 4044 iterum
221 3989 315 4045 verbis
329 3989 456 4061 Apostoli
474 3992 484 4046 1
500 3989 804 4050 Thessalonicensium.
834 4006 895 4059 quie
911 4006 928 4045 ιι
982 3985 1012 4041 iu
1024 3986 1116 4042 verbis
1130 3986 1259 4057 Apostoli
1274 3986 1419 4058 patiemur
1431 3985 1589 4056 ungustius‚
1601 3985 1660 4066 sive
1671 3984 1808 4066 ubidicit,

97 4059 253 4130 postremis
265 4061 426 4117 viventibus
440 4061 468 4118 iu
483 4062 607 4116 adventu
623 4059 716 4116 Diiiui
732 4059 838 4134 judicis
852 4076 929 4116 mor·
983 4059 1021 4112 Tit
1044 4058 1118 4129 qiiod
1140 4058 1269 4120 moinus,
1295 4074 1348 4112 ivos
1369 4056 1545 4125 oi‘os'iteutiir,
1578 4057 1637 4110 iiiii
1659 4059 1808 4137 monetur,

97 4136 159 4186 tem
176 4146 273 4187 arceis
287 4131 440 4188 videntur:
457 4155 471 4184 o
491 4131 611 4195 Vellem,
635 4131 737 4202 iuquit.
759 4131 795 4187 de
817 4130 862 4187 his
877 4147 927 4187 eu·
982 4127 1041 4184 sive
1054 4128 1101 4185 ubi
1114 4126 1193 4194 dicit,
1209 4128 1308 4184 Omnes
1320 4143 1504 4198 resurpeiniis,
1519 4129 1571 4181 eut
1582 4126 1676 4184 Omnes
1688 4125 1811 4182 domis·

95 4202 161 4256 dire
175 4200 326 4260 doctiores.
342 4208 372 4259 et
386 4202 408 4259 si
425 4204 510 4259 modo
525 4202 672 4274 potuerint
686 4202 748 4258 hiec
760 4202 799 4258 itii
811 4202 925 4272 exponi,
981 4216 1058 4266 sirim
1072 4198 1140 4269 quie
1153 4197 1253 4254 necilli
1263 4196 1570 4269 perimmortelitetem
1580 4195 1809 4278 vivificabuntur,

96 4278 129 4328 ut
145 4272 173 4328 iu
189 4272 231 4328 eis
245 4274 335 4345 possit
345 4273 475 4348 inteligi,
495 4290 597 4332 omues
610 4273 743 4331 homines
754 4272 802 4344 qui
817 4272 925 4334 vivunt.
981 4270 1048 4340 uisi,
1063 4270 1221 4341 quemlibet
1233 4268 1390 4340 paululum,
1405 4272 1579 4325 temeuente
1591 4272 1767 4338 morientur;
1779 4283 1812 4324 ec

96 4342 141 4399 vel
157 4347 223 4414 post
237 4360 289 4400 nos
305 4345 405 4401 victuri
429 4349 506 4410 sont,
522 4361 584 4402 esse
606 4344 769 4409 morituros,
785 4344 926 4415 corrigere
982 4358 1033 4411 per
1047 4341 1100 4397 boc
1114 4345 1175 4397 eta
1200 4339 1408 4421 resurrectione
1431 4344 1590 4418 nonerunt
1609 4337 1706 4404 elieni,
1721 4354 1810 4410 quum

93 4416 174 4486 quod
190 4415 256 4470 binc
270 4415 424 4488 eliquiiudo
439 4417 522 4472 aliter
536 4416 622 4474 sensi.
639 4416 736 4487 Neque
750 4415 827 4471 enim
843 4416 927 4473 debe
981 4412 1118 4488 dormitio
1134 4411 1276 4483 precedit,
1293 4425 1424 4493 quemvis
1449 4409 1626 4493 brevissime.
1642 4426 1700 4466 ⁰⁰¹1
1712 4413 1811 4492 tumen

93 4503 163 4542 inus
177 4485 315 4543 indociles
328 4503 390 4544 esse
405 4487 545 4542 doctores.
571 4507 586 4537 »
602 4486 793 4542 Nihilominus
805 4502 925 4557 propen-
941 4508 963 4568 D
981 4483 1070 4539 nulle.
1095 4483 1152 4554 Cur
1165 4488 1262 4540 eutem
1290 4482 1372 4538 nobis
1398 4481 1561 4538 incredibile
1575 4483 1716 4546 videntur,
1728 4481 1810 4539 illem

92 4557 208 4612 sionem
219 4574 301 4614 suem
311 4575 362 4627 pro
372 4557 763 4615 immortalitateultimorum
773 4557 924 4614 viventium
981 4553 1354 4625 multitudinemcorporum
1369 4553 1399 4608 in
1414 4568 1480 4609 aere
1490 4554 1617 4636 quodem
1627 4554 1713 4610 modo
1726 4553 1811 4609 semi·

91 4627 209 4700 aperire
224 4645 281 4684 non
296 4629 439 4686 desinens.
452 4636 481 4686 et
497 4629 640 4702 majorem
654 4629 810 4701 quemdam
822 4629 880 4684 vim
896 4629 925 4684 iii
981 4625 1055 4682 uari.
1066 4629 1152 4697 etque
1161 4625 1197 4680 ibi
1208 4625 1337 4696 protinus
1350 4624 1553 4681 immortaliter
1565 4629 1652 4697 utque
1664 4625 1811 4696 incorrup-

93 4699 194 4758 verbis
211 4700 336 4772 Apostoli
353 4702 389 4757 ed
409 4700 653 4757 Thessalonicenses
677 4717 708 4756 se
731 4700 827 4757 videre
851 4699 926 4756 urbi·
980 4696 1099 4754 tibiliter
1109 4696 1288 4761 reviviscere,
1304 4713 1369 4753 cum
1385 4696 1548 4761 credemus,
1564 4698 1640 4768 quod
1654 4696 1730 4751 idem
1750 4697 1810 4766 ipse

93 4775 201 4834 tretus,
214 4772 378 4841 postolubet
393 4771 487 4840 potius
496 4772 641 4854 quomodo
652 4771 754 4828 ulieud
768 4771 927 4828 Corinthios
979 4767 1132 4849 Apostolus
1143 4767 1322 4839 apertissime
1332 4767 1410 4832 dicit,
1428 4765 1456 4849 iu
1469 4766 1527 4822 ictu
1538 4766 1612 4847 ociili
1625 4766 1754 4826 sutorem
1767 4781 1810 4823 re·

91 4842 190 4899 relate
203 4844 288 4898 verbe
305 4846 340 4899 ed
355 4842 456 4913 prioris
470 4841 611 4913 opinionis
632 4859 748 4898 sensum
773 4845 868 4899 essent
880 4860 926 4899 ec·
979 4844 1196 4908 surrectionem,
1206 4840 1272 4900 etin
1284 4835 1808 4919 membreiinetinevictureteutels·

91 4914 330 4978 commodendi;
346 4931 380 4970 ec
395 4919 543 4984 propterea
553 4913 593 4970 ite
603 4929 686 4984 prose
708 4914 848 4970 uebatur:
865 4935 879 4966 o
895 4913 924 4971 Si
978 4910 1087 4968 uilitate
1094 4909 1567 4983 tumqueiuiestimebilivelocitete
1575 4908 1809 4964 rediturumuuti·

92 4985 175 5041 enim
205 4985 294 5041 iuliis
320 4984 413 5042 verbis
438 4985 565 5056 Apostoli
589 4985 645 5050 (Ad
670 4985 692 5039 i
723 4984 923 5055 sicioniorum)
978 4981 1182 5052 quissimorum
1197 4984 1368 5063 mdaveruin
1385 4975 1719 5059 pulveremiiltemum
1733 4992 1808 5033 seivi-

91 5056 193 5112 nuttus
205 5056 279 5112 alins
293 5073 394 5113 sensus
414 5057 537 5125 potuerit
550 5055 678 5124 reperiri,
694 5060 722 5110 et
737 5055 791 5110 boc
802 5071 869 5110 eom
882 5055 924 5110 in·
978 5068 1028 5124 pei
1046 5052 1112 5109 huic
1135 5056 1286 5108 septennio
1301 5051 1444 5115 insistens,
1465 5049 1609 5119 niterique
1631 5048 1808 5130 respondens

91 5127 186 5197 teiligi
211 5126 334 5185 voluisse
347 5127 493 5188 claruerit,
508 5129 584 5198 quod
604 5126 736 5181 videntur
760 5125 846 5182 verbe
861 5125 924 5196 ipse
977 5122 1152 5184 difficultati,
1167 5138 1256 5194 quem
1269 5119 1468 5178 bicbrevitetis
1480 5118 1756 5202 gretieomittimus,
1766 5123 1809 5174 ite

89 5198 243 5258 clamere:
259 5199 287 5254 iil
303 5203 346 5255 est
359 5201 438 5270 quod
451 5198 537 5255 loturi
553 5198 609 5253 sint
630 5197 657 5253 in
674 5197 730 5252 tine
742 5196 836 5254 seculi
849 5202 878 5253 et
892 5196 921 5252 in
977 5188 1807 5271 ceputilludidetqueremtotamconcluditsQuomoduim·

86 5271 220 5326 adventu
236 5270 360 5334 Domini,
377 5270 426 5341 qui
447 5286 504 5326 uon
520 5269 714 5341 exspolientur
727 5284 856 5338 corpore,
873 5269 923 5324 sed
977 5263 1223 5321 temsitluturum
1239 5264 1314 5345 quod
1332 5279 1408 5344 nune
1419 5260 1809 5343 prounlostrieretiuuculievi·

85 5341 337 5410 superinduentur
350 5341 578 5402 immortalitote,
599 5344 631 5396 ut
644 5340 832 5397 absorbentur
845 5354 924 5394 mor·
978 5334 1056 5391 ribus
1071 5339 1225 5416 utcumque
1238 5349 1410 5406 conjicimus
1430 5331 1709 5414 tscilicetvqutomcdo
1722 5336 1805 5404 poet·

86 5413 179 5468 tetes
202 5412 283 5470 vito:
310 5412 376 5469 huic
400 5413 547 5469 sententie
564 5411 750 5482 proculdubio
772 5409 924 5467 conveniet
977 5405 1050 5462 remi
1063 5404 1243 5488 illivivuntes
1264 5406 1354 5478 269
1376 5406 1558 5486 etmerituri
1582 5407 1640 5460 siut
1661 5406 1690 5458 et
1714 5419 1808 5488 resur3

83 5485 168 5554 quod
181 5483 209 5538 in
222 5483 747 5554 regulifideicoutitemuv‚venturum
756 5481 921 5547 Dominum,
976 5482 1082 5533 recturi
1097 5481 1156 5532 tam
1171 5493 1273 5548 exiguo
1295 5481 1433 5547 temporis
1454 5478 1559 5556 spolio,
1583 5478 1615 5557 ut
1635 5479 1722 5531 eutee
1744 5475 1806 5532 lieri

79 5555 288 5626 judicitorum
304 5555 383 5610 vivos
399 5560 427 5610 et
441 5559 589 5617 mortuos;
606 5557 637 5609 ut
649 5569 706 5609 nen
722 5553 768 5608 hic
780 5552 922 5623 intelliga-
977 5564 1059 5619 posse
1087 5546 1357 5618 demonstraverat),
1375 5550 1453 5628 tuuc⁸
1467 5550 1522 5602 erit
1546 5550 1649 5616 potius,
1673 5550 1706 5601 ut
1722 5562 1806 5603 nosse

83 5642 155 5682 mus
172 5625 252 5682 vivos
263 5628 367 5695 justos.
384 5631 513 5681 mortuos
526 5630 623 5681 autem
644 5624 776 5695 injustos,
790 5623 922 5695 quemvis
977 5619 1391 5700 possimusllesurrectiouem
1406 5631 1510 5699 quippe
1533 5621 1713 5673 miiituorom
1729 5616 1806 5672 lutu-

77 5697 239 5771 judicendi
248 5696 306 5752 siut
309 5696 380 5770 justi
392 5701 420 5754 et
433 5696 532 5770 injusti
547 5698 614 5757 :sed
624 5696 781 5765 vivosquos
792 5695 921 5750 nondum
976 5707 1041 5746 rem
1057 5707 1119 5772 esse
1134 5706 1163 5746 in
1176 5705 1272 5758 cerne,
1286 5690 1401 5761 quondo
1416 5687 1546 5745 Christus
1560 5691 1695 5772 venturus
1708 5693 1751 5770 est
1763 5687 1804 5743 vi·

79 5768 192 5829 exisse.
208 5772 338 5825 mortuos
351 5775 448 5828 sutem
461 5769 602 5841 quoijsm
612 5767 703 5824 exisse
715 5768 750 5822 de
756 5764 922 5838 corporibus
977 5779 1027 5818 vos
1033 5763 1252 5835 judicaturuset
1260 5765 1401 5827 mortuos,
1415 5761 1536 5832 oportet,
1548 5775 1572 5816 si
1581 5758 1733 5816 Christieui
1743 5774 1805 5815 esse

78 5841 232 5900 edventus
246 5840 309 5915 ejus
322 5840 460 5902 inveniet.
476 5841 544 5908 oue
560 5838 591 5901 ei
609 5838 651 5900 ite
664 5854 727 5900 eise
749 5836 919 5918 mutilent,
976 5833 1119 5904 volumus,
1135 5837 1168 5918 ut
1181 5834 1343 5918 cumomni.
1356 5832 1415 5918 Sed
1429 5846 1488 5894 nou
1499 5829 1568 5898 tiso
1581 5831 1618 5896 ils
1629 5830 1684 5894 lies
1696 5846 1730 5889 rs
1741 5829 1803 5888 ius·
