4009 6192
188 224 246 284 ses
516 192 524 203 '
555 221 587 281 r.
610 214 757 281 annon
777 212 1013 279 nisssmirio
1033 211 1070 273 iii
1091 211 1123 272 s.
1146 211 1320 273 sicariis.
1335 241 1375 257 -
1388 211 1470 273 eir.
1493 210 1541 270 vi.
1834 215 1890 275 iai

188 350 618 479 primitivamsuffraganearum
634 349 823 405 Ecclesisrum
833 346 1012 418 exploratam
1027 346 1053 407 A
1068 344 1260 400 Rhemensem
1276 343 1372 399 saeculi
1387 341 1499 407 decimi,
1515 341 1563 412 qui
1582 340 1732 414 episcopos
1758 343 1893 416 suflraga-

209 426 426 495 abemus,quam
436 427 688 495 repeterenecesse
698 425 742 476 est
756 420 791 475 ab
804 418 865 483 illa,
877 422 908 472 nt
922 416 963 471 ita
973 416 1013 470 di·
1068 432 1137 471 nens
1152 432 1231 480 snos,
1242 413 1519 488 filiorumvocebulo.
1536 412 1710 494 appellabat.
1726 414 1786 495 Hoc
1796 431 1894 485 qnam-

188 512 262 560 cam,
292 493 618 558 maternaauctoritate,
638 508 721 562 quam
746 491 777 545 in
804 506 853 545 eas
882 487 1014 543 Ecclesite
1068 483 1895 559 quamsingnlereinerithujnsarchipraesulis,quamdam

187 566 328 639 principes
344 559 1014 636 profitentur,aquibnssuiiragaiieaeipsassum-
1068 558 1210 614 scribente
1224 557 1400 621 llabillonio,
1415 562 1466 612 aul
1478 555 1587 636 primus
1601 554 1656 609 init
1667 560 1719 610 aiit
1732 560 1811 611 certe
1825 557 1896 614 inter

187 641 307 710 pserunt
319 635 480 693 exordium.
1067 629 1185 700 primos,
1207 629 1255 699 qui
1268 632 1361 684 metra
1382 627 1470 683 ntitici
1486 627 1561 699 juris
1573 626 1701 691 obtentu,
1728 625 1807 681 filios
1819 644 1897 685 voea-

141 728 145 739 “
223 710 338 764 Utvero
353 708 469 762 modum
482 705 570 762 eliam
591 704 773 776 aliquatenus
797 700 1012 773 investigemus,
1067 700 1140 756 serit
1154 699 1346 771 episcopossn
1369 713 1527 770 repansos,
1544 697 1746 767 etquamdam
1759 696 1895 755 hocidem

187 776 503 851 quosniirsganeoeillie
514 778 597 849 121
606 774 1014 848 quodammodoemersernnl,
1068 771 1262 827 abhorreatub
1275 770 1406 826 Ecclesiie
1421 767 1582 840 discipline,
1590 784 1649 838 qua
1657 784 1776 839 semper
1790 768 1896 826 iactam

187 849 375 920 incongruum
391 865 449 903 iion
459 846 536 904 erite
551 847 721 902 rebus¹notis
733 847 846 918 ignotas
861 843 1013 908 conicere,
1069 841 1125 897 init
1138 846 1171 896 ut
1183 842 1307 912 episcopi
1319 840 1508 896 minimorum
1525 838 1613 895 etiam
1631 838 1769 902 locorum,
1787 843 1817 895 et
1830 841 1896 896 sim·

187 935 220 975 ac
234 936 285 990 per
296 919 461 992 analogiam
477 920 634 991 quemdam
648 918 862 989 episcopatuum
877 932 908 970 sn
947 928 1014 982 aga·
1068 912 1149 984 plicis
1161 929 1274 984 quoque
1286 909 1507 993 nuncupationis
1519 910 1555 965 ab
1567 908 1897 993 episcopisqnibuscnm·

186 1005 306 1046 neorum
317 1007 383 1046 euin
392 991 524 1074 paroeciis
539 989 645 1045 nostris
655 989 772 1044 secundi
784 986 905 1052 ordinis,
913 999 1013 1041 eorum
1069 1000 1124 1055 que
1138 987 1259 1052 tratrem
1267 983 1404 1039 vocabulo
1414 983 1672 1062 dicerentur,srcuti
1680 986 1769 1037 etiam
1777 983 1896 1039 itomani

187 1065 283 1118 ortum
311 1061 465 1133 imaginari
476 1077 534 1117 non
555 1061 725 1117 dissimilem
746 1059 834 1115 luisse
844 1058 880 1112 ab
898 1061 1013 1112 arluea·
1068 1055 1121 1126 ipsi
1132 1055 1280 1126 pontiilces
1294 1057 1513 1116 consueverunt,
1530 1068 1578 1122 qui
1607 1051 1650 1107 rel
1666 1052 1827 1107 minimum
1840 1054 1896 1124 epi·

185 1132 528 1204 rumdsmparoecierum,
545 1136 762 1203 queecertenon
776 1129 816 1185 ila
829 1129 941 1199 longae
964 1143 1014 1181 no·
1068 1142 1222 1198 scaporum
1246 1127 1349 1197 [rolris
1364 1123 1501 1180 vocabulo
1524 1138 1638 1193 semper
1656 1123 1895 1195 appellaverunt:

186 1206 246 1259 stra
258 1209 344 1259 estate
355 1204 531 1275 prodiemnt,
547 1208 577 1259 et
586 1219 625 1257 see
646 1219 662 1257 e
676 1202 764 1257 etiam
775 1196 1014 1271 conspicientibus
1069 1197 1132 1259 hoc,
1149 1197 1279 1268 inquam,
1288 1193 1621 1252 nibilominusindicium
1631 1198 1684 1263 est,
1694 1196 1896 1253 tummaxime

185 1274 384 1330 nobisindies
412 1277 579 1344 exsurgunt.
607 1219 679 1328 iliud
712 1276 864 1343 propterea
883 1270 959 1339 quod
984 1266 1014 1322 in
1068 1267 1249 1323 auctoritatis
1262 1284 1348 1339 quam
1374 1265 1532 1349 antiquitus
1557 1265 1586 1347 in
1601 1265 1804 1348 suffraganeos
1822 1284 1896 1329 snos.

186 1344 354 1400 dioecesibus
369 1344 594 1415 quibuscumque
609 1343 739 1415 conligit.
760 1346 847 1413 atque
862 1337 1013 1409 contingit,
1069 1338 1156 1394 veluti
1168 1338 1293 1394 tiliarum
1305 1337 1494 1394 Ecclesiarum
1510 1340 1663 1418 antistites,
1681 1338 1897 1409 metropolitani

184 1415 305 1471 vetustis
319 1414 455 1475 ecclesiis.
468 1415 687 1486 baptismalibus
702 1413 795 1478 dictis,
808 1427 859 1468 seu
872 1409 1013 1482 plebanis,
1069 1409 1192 1481 episcopi
1203 1410 1384 1474 exercebant,
1402 1413 1464 1463 tuin
1487 1407 1604 1463 honoris
1618 1407 1790 1480 eximiique
1811 1426 1831 1465 a
1843 1409 1899 1465 sni·

185 1487 262 1570 quod
274 1485 466 1556 paroeciarum
487 1485 771 1556 multiplicationem,
793 1499 858 1555 quie
870 1481 899 1537 in
914 1496 1015 1536 earum
1070 1480 1215 1563 iraqaneis
1228 1478 1445 1551 metropolitani
1459 1478 1512 1550 ipsi
1525 1478 1649 1550 episcopi
1663 1477 1899 1552 colebantur,qiii

185 1572 250 1612 sinii
262 1555 337 1612 iacta
353 1556 407 1611 iiiil
418 1573 425 1623 ;
435 1556 507 1611 illud
519 1556 596 1613 idem
610 1556 764 1639 contigisse
776 1551 944 1610 existimoin
954 1567 1017 1607 ma·
1070 1552 1175 1607 idcirco
1189 1551 1277 1608 veluti
1292 1555 1426 1622 parentes
1445 1549 1680 1621 institutoresqae
1704 1550 1900 1622 suffraganea·

181 1627 484 1701 joribnsdioecesibus,
499 1628 595 1697 quoad
619 1626 889 1699 multiplicationem
908 1623 1015 1705 episrn·
1070 1639 1134 1679 rum
1164 1621 1355 1678 Ecclesiarum
1383 1622 1583 1702 censebantur.
1606 1620 1646 1676 De
1674 1620 1900 1693 aquileiensibus

205 1697 388 1755 atuumintrs
402 1714 503 1755 aarum
514 1699 595 1754 tines.
605 1698 735 1753 Vidimus
746 1712 850 1768 nempe
860 1697 1016 1765 baptisma·
1033 1703 1055 1763 Β
1070 1710 1137 1750 vern
1151 1693 1340 1765 suffraganeis
1354 1697 1386 1748 ut
1402 1691 1510 1764 aliquid
1522 1691 1653 1757 ianuam,
1674 1691 1804 1748 breviter
1814 1694 1899 1748 notis

184 1715 227 1825 fes
237 1769 370 1825 ecclesias
381 1769 411 1825 in
426 1769 502 1841 agris
515 1770 622 1840 positas
635 1768 720 1841 longo
730 1773 787 1824 tem
810 1783 860 1822 ore
867 1765 1016 1837 praefuisse
1071 1765 1145 1843 simii
1158 1764 1338 1829 memorabo,
1348 1767 1378 1819 et
1387 1766 1463 1833 apud
1477 1765 1516 1819 Ee
1531 1762 1642 1845 ltu-bais,
1659 1762 1792 1846 aliasque
1805 1779 1898 1846 reram

184 1839 285 1894 multis
295 1840 431 1895 ecelesiis.
445 1856 494 1896 seu
509 1840 635 1911 capellis,
660 1785 869 1896 succursaiibus
889 1836 1016 1908 appella·
1071 1835 1296 1906 Aquileiensium
1311 1834 1507 1906 exploratores
1520 1838 1591 1889 satis
1603 1832 1721 1904 vulgata
1735 1851 1743 1890 ε
1759 1850 1898 1891 nimirem

184 1910 299 1983 tis‚qnae
330 1911 426 1967 uidem
435 1913 615 1984 presbyteros
625 1911 756 1983 proprios
767 1910 921 1975 habebant,
952 1906 1018 1962 lene
1071 1907 1268 1978 suffraganeos
1278 1906 1388 1970 inlesa
1410 1904 1510 1976 priscis
1523 1919 1612 1976 nsque
1625 1905 1819 1978 temporibus,
1840 1909 1899 1962 tum

184 1988 283 2038 lamen
299 1928 436 2037 oinoxios
449 1981 611 2038 auctoritati
636 1983 867 2054 presbyterorum
887 1924 1017 2060 ecciesia-
1072 1977 1219 2034 electionis
1232 1975 1494 2058 confirmationem,
1511 1980 1573 2057 tum
1581 1976 1900 2059 manuumimpositio

184 2068 250 2108 rum
265 2053 483 2124 baptismalium
502 2070 509 2119 3
527 2052 805 2109 donecsecutisinde
819 2048 1016 2115 divisionibus,
1072 2064 1170 2105 nema
1188 2047 1411 2118 metropolitano
1435 2062 1576 2118 accepisse
1592 2062 1599 2113 ;
1624 2062 1669 2102 cui
1696 2051 1799 2114 enam,
1820 2064 1900 2119 peen-

185 2124 385 2196 episcoporum
411 2124 524 2179 indultu
550 2141 584 2179 ae
611 2125 767 2188 voluntate,
785 2119 944 2194 presbyteri
963 2119 1018 2191 ipsi
1072 2119 1137 2175 iiari
1149 2119 1275 2176 lorinula
1293 2119 1420 2190 ipsorum
1437 2133 1527 2172 manu
1541 2122 1658 2173 exarata
1672 2134 1706 2173 ac
1717 2124 1899 2175 sacramento

185 2194 391 2251 succursalium
410 2194 517 2266 proprii
526 2195 601 2266 juris
621 2192 789 2263 lactiiuere,
806 2208 841 2247 ac
858 2192 900 2246 ita
918 2191 1018 2246 multas
1072 2190 1198 2254 firmata,
1237 2190 1325 2245 tidem
1348 2193 1432 2259 atque
1457 2187 1652 2245 obedientiam
1678 2188 1897 2271 pollicebantur.

186 2265 357 2320 intraunius
371 2260 1018 2342 paroecioeterritoriumemerseruntparoecias
1072 2262 1196 2327 Addam,
1217 2260 1414 2332 suffraganeos
1432 2259 1637 2329 Aquileienses,
1668 2276 1712 2315 sin
1754 2259 1790 2316 lis
1806 2262 1898 2325 annis

186 2336 315 2390 minores
329 2350 364 2390 ex
379 2336 507 2404 pertibus
521 2334 762 2391 avulsisavetari
791 2330 1017 2402 eeclesiabepti-
1072 2331 1108 2386 od
1123 2332 1224 2388 limi'iso
1239 2330 1468 2402 metropolitane
1496 2330 1625 2385 Ecclesia
1639 2346 1705 2387 acce
1726 2347 1776 2387 ere
1803 2331 1899 2388 solitus

187 2403 272 2460 amali
288 2420 296 2469 ;
312 2419 377 2474 quie
398 2404 518 2474 proinde
540 2404 725 2460 autoritatem
747 2403 899 2485 pristinam
923 2401 954 2457 in
969 2417 1018 2457 eas
1072 2401 1160 2458 fuisse
1174 2402 1202 2456 io
1230 2402 1304 2457 lesto
1328 2406 1493 2457 sanctorum
1523 2405 1683 2473 martyrum
1710 2406 1899 2473 patronorum

188 2473 295 2538 amisit,
330 2479 445 2529 servata
469 2477 583 2530 tantum
605 2478 798 2558 praerogativa
823 2472 969 2544 primatus,
989 2476 1019 2528 et
1073 2476 1257 2543 Hermagorae
1265 2477 1295 2528 et
1307 2471 1473 2540 Fortunati3
1490 2487 1602 2527 necnon
1612 2473 1688 2543 apud
1703 2474 1900 2530 eumdemme

187 2545 313 2617 quadam
325 2545 443 2600 honoris
463 2544 680 2616 significatione,
710 2561 797 2616 quam
809 2543 884 2599 tilios
904 2559 1019 2614 semper
1072 2543 1277 2615 tropolitanum
1297 2543 1462 2614 episcopum
1489 2542 1654 2613 frequenter
1665 2543 1842 2610 diversatos,
1864 2545 1900 2601 ei·

188 2632 319 2674 exercere
333 2617 497 2688 dcceterga
512 2620 645 2672 matrem.
673 2617 736 2672 Non
757 2615 855 2686 itaque
885 2612 1017 2670 dissimili
1072 2614 1233 2698 demquein
1256 2614 1434 2671 solemnibus
1461 2613 1640 2696 peragendis,
1660 2614 1782 2670 honoris
1812 2617 1900 2672 etob-

188 2686 287 2754 modo,
303 2691 335 2743 ut
348 2687 471 2751 videtur,
486 2688 591 2759 amplia
612 2691 721 2744 veteres
738 2687 883 2752 diisceses,
899 2702 1017 2741 aarum·
1073 2685 1162 2756 sequii
1176 2685 1417 2756 gratiamstitisse,
1430 2688 1472 2739 nti
1486 2688 1600 2740 constat
1613 2701 1647 2740 ex
1658 2683 1822 2742 innumeris
1830 2702 1900 2760 pene

188 2775 244 2831 quc
256 2756 383 2830 episcopi
396 2758 549 2815 auxiliares
559 2759 706 2842 episcopos
725 2758 851 2814 habuere
870 2755 1017 2812 hincinde
1073 2756 1245 2813 solemnium
1261 2755 1475 2827 diplomatibus,
1496 2755 1617 2826 aliisque
1637 2759 1848 2823 monumentis,
1871 2756 1898 2813 in

189 2829 300 2901 positos
310 2830 340 2886 iii
360 2829 521 2901 potioribus
536 2831 605 2887 locis
619 2829 910 2901 regianumsuarum,
921 2827 958 2882 ibi
981 2843 1016 2884 ue
1071 2828 1173 2900 quibus
1181 2826 1359 2910 singulorum
1369 2826 1899 2896 nominaqniintererantrecensentiir

188 2901 276 2957 veluti
291 2901 466 2957 succurseles
494 2901 629 2958 ecclesias
643 2900 798 2973 superioris
806 2897 915 2955 ordinis
929 2899 966 2953 ab
992 2898 1017 2953 is
1072 2900 1242 2970 Huiusmodi
1257 2898 1415 2969 diplomata
1429 2913 1463 2952 ac
1477 2901 1668 2953 monumenta
1683 2914 1741 2954 non
1753 2899 1898 2971 primeva

190 2970 1015 3045 auxiliaribusepiscopisadministratas,plenetamencum
1071 2969 1188 3040 quidem
1202 2969 1440 3025 vetustatissnnt:
1453 2967 1588 3039 pleraque
1598 2968 1897 3027 nihilominusanniin

190 3042 408 3166 episcopisipsis
423 3043 477 3097 sibi
492 3044 644 3115 subjectas.
662 3045 787 3124 Deaugsu
800 3057 867 3097 vero
879 3039 1017 3123 temporis
1034 3039 1448 3123 cmillesimumantecedunt
1465 3043 1515 3093 aut
1527 3040 1659 3122 proxime
1669 3046 1849 3124 aequamen
1868 3046 1895 3098 et

190 3129 225 3168 ac
243 3128 292 3167 mii
306 3118 346 3184 tip
359 3116 435 3168 reste
448 3112 578 3169 fidelium
588 3118 693 3184 segete,
704 3113 824 3184 aliisque
838 3116 909 3167 ortis
922 3127 1018 3168 neces·
1072 3112 1167 3168 nultus
1177 3109 1825 3182 dubitoquiiinonmodoilliusevisedetiam
1853 3129 1899 3168 ra·

191 3181 333 3250 sitatibus,
346 3182 499 3238 auxiliares
526 3183 574 3238 isti
599 3183 726 3254 episcopi
750 3200 814 3238 cam
833 3182 891 3237 suis
905 3183 1018 3238 territo-
1071 3130 1899 3252 eedenuumsecolornmmterentdiseiplinsmmecoiita

190 3251 252 3316 riis,
261 3251 320 3306 sive
340 3250 536 3308 annitentibus
558 3252 681 3324 populis.
708 3253 929 3324 indulgenteque
954 3252 1017 3324 ipso
1072 3250 1897 3323 snlflciatattigisse,qnaeadillustrationemiaciunteorniii

191 3321 325 3449 tiltttt’
342 3321 943 3464 llllllllltttltllt'ltdtttlll·
966 3339 1018 3448 il·
1073 3322 1898 3477 ittlittllttllttllllttllltlllttttlll⁶*

319 3434 327 3460 s
1008 3438 1016 3463 s
1841 3439 1848 3451 ·

192 3480 581 3603 ttlttltltttttll
595 3465 1019 3606 ltltllnttllltftt
1069 3463 1897 3609 ,-,llllltultelltttlltltltttlittlt‘tdz

192 3608 328 3689 pelastes,
345 3606 650 3679 peculiaresquasdam
663 3607 872 3663 constituerunt
883 3604 1019 3662 dioeceses
1074 3608 1236 3673 ostendere,
1247 3606 1362 3662 Niceam
1376 3621 1425 3661 seu
1434 3605 1735 3679 Nicetamepiscopum
1742 3608 1896 3691 Aquileiae·

194 3682 271 3733 intra
285 3678 426 3734 ambitum
442 3678 806 3750 dioeceseonentiquarum,
819 3682 846 3733 et
853 3693 885 3733 ex
892 3676 1020 3749 partibus
1074 3677 1207 3735 semideo
1235 3675 1401 3732 robabiliter
1414 3677 1592 3733 Romuliana
1601 3678 1722 3734 civitatis
1734 3694 1893 3751 episcopum

196 3748 302 3828 avulsis
315 3749 426 3819 abipsis
441 3749 586 3832 primariis
599 3750 765 3832 diaecesibus
775 3767 783 3820 ;
794 3748 906 3804 itautin
914 3749 1019 3831 endem
1074 3766 1092 3805 a
1105 3749 1205 3805 Genua
1226 3748 1258 3831 io·
1268 3747 1435 3830 apellatum,
1451 3747 1529 3819 quia.
1540 3753 1699 3831 antequam
1708 3751 1894 3833 episcopalem

195 3817 1020 3973 ltttl⁰tttlilltllillllllilllttltltttltt
1074 3818 1895 3972 tttlftlllltltttittttltlt‘ltltttlltlt:

195 3959 254 4016 sint
272 3958 453 4032 episcopatus
465 3959 764 4033 abEecleiiaprincipe
771 3959 907 4032 separati,
920 3960 1020 4032 suique
1074 3961 1148 4017 tium
1158 3978 1208 4017 sen
1230 3960 1414 4016 Romatinum
1429 3965 1501 4016 situs
1512 3978 1519 4027 ;
1529 3962 1719 4033 nunciisque.
1734 3962 1857 4028 aiebam,
1868 3966 1895 4016 nt

191 4031 284 4105 juris,
299 4036 332 4087 ut
346 4030 469 4103 antique
484 4031 719 4089 Ecclesiaetilulus
736 4035 850 4088 tantuin
862 4031 1021 4102 superioris
1075 4033 1112 4088 ad
1126 4031 1338 4088 conclusionem
1354 4030 1472 4086 tandem
1488 4032 1649 4098 veniamus,
1668 4033 1738 4105 qnid
1758 4050 1818 4090 nnn
1832 4035 1896 4089 satis

195 4106 412 4163 remuneratae
426 4118 461 4159 ea
475 4103 604 4176 obsequii
623 4103 645 4158 si
668 4119 706 4159 na
717 4103 811 4159 eidem
832 4103 1021 4175 rependeren—
1095 4103 1222 4158 robabile
1236 4102 1266 4157 in
1279 4118 1340 4159 rem
1354 4105 1483 4157 nostram
1499 4103 1605 4158 dictum
1625 4104 1686 4171 luit,
1701 4103 1762 4161 sive
1783 4120 1894 4176 genem

196 4177 243 4228 tiir
253 4189 271 4228 a
283 4172 373 4243 noeis,
404 4190 448 4230 uas
463 4175 634 4230 naturaliter
645 4120 749 4230 istoru
762 4174 865 4238 solent,
879 4173 1022 4230 acdeben·
1074 4121 1131 4230 fem
1147 4172 1328 4229 auxiliarium
1340 4172 1538 4255 episcoporum
1553 4174 1672 4245 duplicis
1686 4175 1812 4231 instituti
1821 4174 1896 4231 disci-

195 4247 244 4299 tur
254 4242 298 4307 iis,
314 4191 445 4315 aquiiius
457 4244 537 4317 origo
550 4245 671 4301 ducitur.
687 4246 728 4300 En
743 4245 840 4326 itaque
851 4244 939 4326 etiam
955 4259 1021 4326 mo·
1074 4244 1187 4317 plinam
1200 4243 1299 4316 priscis
1309 4242 1417 4326 seculis
1432 4260 1461 4326 m
1478 4244 1600 4300 Ecclesia
1610 4245 1755 4317 vigentem
1770 4246 1896 4318 respicia-

196 4314 1021 4387 dum,quosuflraganceEcclesiiaprimitiiisinChristiano
1075 4314 1218 4371 mussive
1234 4314 1405 4385 peculiarem
1418 4316 1548 4384 eiusdem
1571 4332 1689 4399 prorsus
1704 4317 1827 4373 modiin
1841 4318 1897 4389 ipsa

196 4386 265 4440 orbe
278 4389 479 4442 surrexerunt:
497 4386 578 4440 ulita
594 4385 806 4457 propemodum
828 4384 917 4440 etism
932 4385 1020 4456 Aqui·
1038 4411 1060 4469 D
1075 4384 1246 4457 Aquileiensi
1268 4384 1393 4441 Ecclesia
1418 4401 1452 4440 ex
1485 4385 1677 4457 peculiaribus
1705 4388 1898 4445 monumentis

196 4454 310 4511 telensis
326 4454 456 4511 Ecclesia
464 4455 662 4528 suffraganeas
669 4455 837 4511 eliormatas
844 4454 1021 4512 luisseintel-
1075 4461 1221 4512 ostensam
1231 4455 1441 4512 il'rnbabilitas
1451 4472 1521 4512 sanc
1544 4457 1630 4531 hujus
1645 4457 1795 4514 auxiliaris
1808 4460 1898 4515 Nicea

196 4524 321 4595 ligamus
331 4524 579 4596 invenatiaatque
593 4526 687 4590 istria,
702 4526 869 4583 sicutetiam
884 4525 913 4581 in
925 4526 1021 4582 Norici
1075 4543 1124 4584 sen
1132 4527 1237 4583 Nicetes
1250 4527 1430 4598 episcopatus
1439 4542 1472 4582 ex
1485 4526 1529 4582 his
1544 4527 1672 4585 fontibus
1691 4530 1779 4585 ducta
1792 4530 1898 4586 nuliam

195 4593 327 4678 partibus
341 4597 371 4649 et
382 4594 537 4676 Pannonias
552 4597 605 4678 39}
616 4596 733 4678 quidem
748 4613 876 4680 nonnuno
890 4601 1021 4668 tempore
1074 4597 1402 4681 patilnrexceptionem
1413 4598 1487 4681 Quid
1503 4602 1600 4679 antem
1624 4599 1653 4655 in
1669 4615 1700 4655 re
1715 4605 1777 4656 tam
1802 4600 1900 4657 dissita

196 4663 754 4820 tldlltittldllttcitllt’pllt
768 4668 1021 4795 tlitdlttltt
1075 4668 1901 4812 tillttlflllli,-ll:ltiltiltttllttdltt}

195 4806 300 4864 saeculo
310 4807 552 4879 metropoliticam
562 4807 753 4879 prosiciarnm
763 4807 1020 4864 ecclesiasticarum
1075 4810 1144 4893 quid
1155 4825 1292 4880 umquam
1305 4809 1414 4880 sperari
1422 4814 1524 4880 potest,
1537 4812 1708 4883 quodmerae
1718 4814 1900 4884 probabilite-

196 4879 334 4943 iormam,
347 4880 489 4951 quasdam
507 4879 594 4935 eliam
608 4885 708 4951 postea
727 4896 736 4933 :
760 4884 792 4933 ut
808 4878 878 4933 nibil
904 4879 1019 4935 interim
1075 4887 1111 4936 tis
1125 4882 1244 4935 modum
1255 4880 1398 4937 excedat?
1412 4881 1442 4936 ln
1453 4882 1538 4937 rebus
1551 4898 1635 4953 pori-o
1654 4882 1835 4956 hujusmodi,
1856 4882 1898 4941 ubi

195 4951 378 5023 proferamus
393 4951 428 5007 de
452 4950 641 5022 suffraganeis
666 4950 784 5006 alterius
797 4948 910 5021 generis
935 4953 1021 5021 atque
1075 4952 1152 5024 quod
1162 4967 1261 5007 verum
1276 4957 1305 5008 et
1316 4952 1465 5007 indubium
1476 4952 1513 5007 sit
1531 4954 1643 5024 assequi
1659 4959 1777 5011 nonest
1790 4957 1898 5018 datum,

195 5021 322 5095 originis,
338 5039 410 5095 quas
425 5022 599 5094 subsequens
613 5022 677 5077 tulit
692 5025 831 5092 aetas‚pro
843 5020 973 5077 locorum
988 5038 1022 5077 ac
1075 5022 1146 5078 satis
1160 5021 1310 5087 habemus,
1326 5023 1349 5078 si
1364 5024 1468 5079 saltem
1483 5022 1718 5093 simillimavero,
1730 5026 1897 5097 probabilis,

194 5098 358 5165 temporum
385 5094 563 5157 necessitate,
595 5108 791 5164 novarumque
824 5091 1021 5162 metropoleon
1076 5093 1394 5150 acrationiconlormia
1409 5093 1600 5165 proferamus.
1617 5094 1693 5150 Niliil
1720 5097 1841 5153 interim
1855 5112 1898 5153 ne·

194 5165 349 5231 erectione,
361 5163 435 5220 sicut
447 5164 535 5220 etiam
552 5180 603 5236 pro
618 5164 756 5220 serietate
770 5163 966 5219 humanarum
978 5179 1022 5220 re·
1075 5165 1146 5234 gotii
1156 5164 1288 5231 lacessat,
1325 5165 1381 5220 uod
1401 5167 1511 5221 Nicetes
1532 5169 1640 5231 noster,
1654 5170 1719 5237 post
1733 5169 1897 5224 auxiliarem

194 5251 269 5303 rom,
285 5236 387 5307 quibus
403 5251 538 5291 nonraro
566 5239 666 5292 sancta
687 5235 812 5291 Ecclesia
834 5234 931 5291 studio
943 5235 1022 5307 pacis
1076 5234 1269 5306 episcopatum
1286 5182 1450 5306 aiportnm
1461 5236 1646 5292 Romatinum
1660 5241 1787 5308 gestum,
1808 5254 1898 5311 supre-

194 5306 279 5362 ducta
293 5322 405 5364 morem
421 5323 520 5378 gerere
534 5307 692 5364 consuevit.
1076 5321 1156 5361 mam
1171 5305 1320 5376 regiminis
1333 5321 1433 5361 curam
1446 5306 1475 5361 in
1490 5306 1664 5377 Aquileiensi
1679 5307 1842 5391 ipsa123
1857 5325 1898 5364 es·

230 5377 346 5441 Quaerat
357 5378 474 5434 demum
490 5377 652 5449 qnisquam,
679 5377 781 5448 quibus
792 5375 881 5432 etiam
904 5376 1021 5432 honoris
1076 5375 1178 5432 thedra
1191 5376 1433 5433 obtinueritcnm
1443 5375 1568 5448 episcopi
1581 5394 1660 5434 mere
1674 5379 1895 5436 auxiliaresdiie

194 5444 449 5575 {iwfflmufflikm
462 5449 650 5571 slnllmqaneae
662 5447 802 5529 Ecclesiae,
815 5446 942 5573 ιιηαιῇσέε
954 5463 1021 5573 sepi
1076 5446 1163 5502 oasim
1175 5447 1322 5571 pzopriqm
1342 5464 1376 5503 ac
1390 5448 1540 5529 proprium
1552 5448 1666 5574 mUhtlm
1679 5465 1737 5530 non
1752 5450 1893 5577 haelgerent,

194 5531 1022 5710 ql,a,eliminetist‘tllttiltllttlatlt:
1076 5533 1196 5658 litt?
1213 5534 1893 5671 tilitdltltlitittletitiam‘dt

205 5661 299 5709 atione
311 5672 341 5709 iii
353 5658 491 5713 seculum
507 5675 524 5710 v
538 5659 762 5724 Benediclmum,
780 5675 858 5713 num.
887 5657 933 5725 22,
948 5659 1022 5713 indi·
1076 5674 1124 5713 mo
1137 5674 1202 5714 cuin
1219 5659 1273 5731 ipsi
1287 5660 1327 5714 nti
1341 5660 1465 5732 episcopi
1477 5661 1641 5730 auxiliares,
1655 5662 1800 5733 praecipua
1811 5675 1890 5716 mem·

194 5723 332 5780 catnobis
346 5725 461 5783 Eolcum
485 5727 640 5798 quemdem
661 5728 906 5800 archiepiscopum
933 5730 1019 5799 122
1075 5730 1128 5784 bra
1137 5734 1233 5785 assent
1245 5729 1313 5786 cleri
1323 5730 1447 5787 ecclesie
1463 5731 1642 5804 principalis,
1667 5748 1718 5789 seu
1733 5727 1887 5805 presbyten]
