4009 6192
193 240 238 318 up·
623 228 712 305 tus.
735 225 1474 307 pemmomuoooouuooouuooueuu.
1863 227 1899 309 u

197 378 331 459 appositos
343 396 395 455 pra
412 376 503 436 nibito
529 375 663 432 moenai
683 386 736 432 esse
756 375 812 448 fuit
837 374 1020 447 experimento
1036 371 1061 433 Α
1075 384 1302 443 ommiumque
1315 370 1562 444 locupletissimum
1574 370 1708 445 opimium
1720 378 1775 430 tum
1788 390 1822 430 is
1834 375 1902 432 liter

195 474 370 546 neuportum.
388 470 446 537 Qua
460 468 534 524 dere
550 464 698 522 masenot
720 470 878 537 unpuesus
891 479 952 521 eum
976 459 1023 518 do·
1075 472 1122 526 ra,
1138 460 1358 532 mmalipnondo
1377 476 1411 517 ee
1433 476 1515 517 sensu
1537 459 1680 518 mium
1707 464 1831 535 apposui,
1854 466 1901 536 pei

197 559 432 634 enpmmrupue
445 557 528 623 viris,
543 554 638 619 amine,
652 554 930 628 bonuumnuspre
941 550 1022 626 penio
1075 545 1165 604 adbuc
1172 546 1285 604 uberior
1293 548 1450 621 prodiuset,
1461 550 1518 605 nui
1530 549 1771 623 omtmutoiuisset
1786 551 1856 609 illud
1868 551 1900 610 de

196 660 227 709 aa
238 650 347 708 uiribus
361 647 516 722 reperirer,
530 658 598 702 num
610 658 709 717 possem
720 642 785 700 buia
802 643 894 700 norbo
907 640 1019 698 mederi.
1075 635 1130 691 sale
1142 635 1176 691 ab
1190 637 1247 709 ipen
1266 637 1301 693 D.
1316 637 1482 712 dbrysotopo
1493 645 1680 711 usurpatum:
1709 641 1831 697 amomi
1858 638 1900 698 nb·

194 740 358 800 set-nnete
373 736 571 796 imbecillitatis
596 735 724 802 anemae
751 731 947 805 puidoalerem
973 742 1022 801 epo
1075 724 1188 794 mirus,
1205 727 1407 799 quodpoterat
1420 727 1537 784 condire
1560 742 1697 785 mansore
1723 728 1795 801 (Ser.
1824 730 1898 797 iub).

194 830 227 886 in
244 829 332 887 ardum
345 823 559 901 insperanti
579 822 717 880 manen
728 818 813 878 sotius
826 815 1026 889 intentaret
1075 813 1217 886 Sunium
1228 823 1253 871 et
1267 818 1467 873 molestiarum
1474 817 1658 890 profunditas,
1676 823 1701 873 et
1720 817 1900 890 mmnlarstae

195 916 425 991 interpunctionis
435 914 550 972 mutatio
565 918 650 969 totum
659 909 731 982 potio
743 914 783 965 est
795 908 916 966 auotoris
931 907 1022 964 inoor·
1074 902 1219 960 emiorum
1229 903 1380 962 doctissimi
1388 905 1497 979 bup'usee
1510 906 1567 962 oiri
1581 907 1672 978 aptius
1688 906 1899 964 eusmrdantios

196 1011 251 1064 tere
262 1011 379 1074 misum,
395 1004 458 1061 mas
471 1003 549 1060 tanti
558 999 667 1057 ordinis
680 1004 770 1055 rootor
784 998 816 1054 in
833 997 931 1055 muttit
948 994 1021 1068 dep'e-
1074 991 1251 1062 requirebant
1262 1010 1345 1065 quam
1355 994 1502 1052 ebnobum.
1521 994 1608 1068 [lmus
1620 995 1701 1067 rasile
1715 994 1843 1051 indicata
1859 1011 1902 1052 re·

194 1093 404 1167 obstnaseitur,
425 1090 555 1148 mentri
575 1087 766 1162 perelbiebam.
789 1088 885 1143 Latus
904 1084 1020 1143 interim
1072 1081 1176 1152 perias,
1191 1082 1221 1137 in
1233 1085 1355 1156 marpiue
1377 1100 1665 1142 sermonumnumeros
1677 1084 1802 1157 asalpsi,
1817 1089 1901 1141 utin·

195 1185 277 1242 audio
288 1183 429 1241 eruditiss.
448 1185 476 1237 et
488 1176 758 1250 anniumpraeeoniis
769 1175 958 1232 alebrandum
971 1188 1020 1231 an·
1073 1177 1151 1227 uento
1161 1186 1281 1229 sermone
1293 1188 1360 1244 pars
1373 1174 1455 1230 etiam
1467 1176 1561 1246 ipmus,
1577 1174 1627 1230 ubi
1637 1173 1773 1230 sententia
1784 1173 1900 1245 prarin

195 1275 307 1331 itstiiem
320 1272 439 1330 Petrum
467 1266 640 1340 flodulpbum
671 1266 924 1339 bitstipnuneneein,
954 1263 1021 1320 olim
1073 1263 1198 1326 notatur,
1213 1278 1275 1318 moe
1288 1265 1370 1335 queat
1384 1263 1515 1335 reperiri.

192 1358 350 1435 teneatue
363 1357 516 1431 presulem,
536 1356 611 1414 besee
625 1355 767 1413 Sernwnes
791 1371 827 1412 ea
855 1353 1019 1428 quibusdam
1112 1350 1500 1427 Taritalopiaindieibusoitsb
1513 1364 1633 1410 essenon
1646 1351 1722 1422 solet,
1735 1351 1805 1424 pnod
1821 1352 1899 1409 uaria

192 1448 386 1522 manuscriptis
400 1448 492 1505 Rome
504 1445 625 1503 inuentis
636 1444 796 1513 emendasse,
811 1449 839 1501 et
857 1460 908 1500 sao
932 1448 1019 1500 morte
1073 1450 1134 1493 oum
1148 1440 1345 1497 stntteotorum
1364 1442 1485 1513 inpenio,
1501 1454 1550 1499 nee
1570 1440 1640 1497 iden
1663 1439 1776 1499 uerbum
1795 1441 1901 1497 sunem

192 1532 300 1599 soboliis
314 1534 467 1595 illustratos
479 1536 587 1593 meatui
602 1538 692 1593 nostro
706 1533 899 1604 transmisisse,
914 1538 946 1590 ut
958 1532 1020 1589 ede-
1073 1541 1178 1599 tempu
1191 1533 1327 1596 anemae
1343 1534 1368 1587 et
1381 1530 1417 1587 od
1426 1530 1537 1588 diuersa
1550 1530 1663 1603 quilibet
1673 1546 1709 1587 en
1721 1533 1784 1587 noto
1796 1534 1902 1587 senten·

189 1631 300 1688 rentur.
317 1627 454 1687 Getarum
468 1640 515 1683 neo
536 1625 619 1681 editio
625 1623 744 1698 prodiit,
756 1638 807 1681 nee
818 1622 891 1680 tanti
905 1623 964 1679 oiri
977 1622 1020 1679 la·
1073 1616 1127 1672 tias
1139 1617 1169 1673 in
1179 1619 1240 1675 iliis
1246 1624 1439 1692 perscrutetur,
1449 1620 1479 1677 id
1488 1619 1813 1693 ipsumpluribusintoeis
1822 1618 1902 1676 oolla

193 1715 249 1784 bor,
261 1726 286 1775 et
300 1716 425 1775 studium
446 1721 503 1774 toto
529 1714 677 1785 ditipentia
697 1713 879 1787 perquisitum
903 1726 1018 1785 usquam
1035 1707 1902 1791 praminpuuntuieitiespooerepiuniurpniepuemsenut,

192 1807 312 1880 pontium
326 1806 455 1881 apparuit
465 1804 556 1875 3forte
569 1802 644 1861 enim
659 1801 751 1859 invido
765 1801 922 1875 aliquorum
936 1800 1018 1857 ealli-
1108 1797 1255 1854 Elenobum
1263 1798 1350 1869 iusto
1359 1800 1445 1856 ritum
1457 1798 1683 1872 annpetiorum,
1698 1813 1762 1871 quoe
1775 1797 1805 1854 in
1822 1812 1902 1856 samu

192 1894 397 1962 ditateeeiatur,
412 1890 860 1966 utprioatisuslbustantummodo
873 1890 1017 1955 inserviat,
1071 1901 1122 1959 pro
1135 1893 1252 1959 tenpore
1266 1886 1403 1959 lepuntur,
1416 1888 1557 1945 neotericus
1575 1889 1614 1945 ad
1628 1888 1769 1946 ooneiones
1782 1902 1903 1961 usurpa-

196 1978 386 2042 Verumtamen
400 1983 534 2057 quoniam
548 1980 694 2052 inperium
708 1979 826 2037 bominis
844 1977 967 2034 babitu
989 1976 1021 2033 in
1074 1976 1144 2043 tum,
1159 1977 1490 2047 uusnperoeoaneamin
1516 1977 1565 2034 boo
1585 1993 1664 2050 opere
1691 1993 1745 2033 non
1764 1977 1898 2049 requiras,

184 2070 317 2141 'uetitum
332 2076 484 2145 capitisque
494 2064 1021 2144 napata,uteriusperputrendoaidici
1075 2062 1146 2136 quia
1157 2066 1355 2138 esoompositis
1371 2064 1505 2123 indiosbus
1513 2066 1614 2138 poterit
1625 2072 1733 2132 orator,
1750 2082 1809 2138 pua
1823 2065 1899 2134 uebt,

193 2152 275 2233 bajus
292 2160 382 2233 operis
407 2158 498 2216 adbuo
517 2162 638 2231 quatuor
662 2170 800 2228 superesse
827 2155 1022 2224 manuscripta
1074 2152 1129 2208 ubi
1138 2153 1624 2226 pratiuesuadisouisiiionepaiure.

185 2243 367 2319 'eoenploria
387 2254 484 2318 sempe
508 2243 561 2301 duo
582 2240 675 2300 tiamsi
693 2256 797 2314 parum
821 2240 857 2299 ab
883 2240 1020 2313 impressis
1116 2241 1208 2297 Vitam
1223 2242 1400 2311 tamenbnjus
1413 2246 1538 2300 sanctiss.
1555 2242 1829 2317 oiristplomedioeri
1842 2258 1901 2302 sm·

192 2334 379 2408 discrepantia
396 2328 516 2392 :Urbini
521 2346 610 2389 unum
619 2333 650 2386 in
657 2329 822 2399 Roomiana,
839 2329 966 2390 Ueseuo
977 2330 1020 2385 al·
1075 2327 1174 2386 tentias
1187 2331 1447 2403 quamapertissime
1460 2333 1621 2406 exprimenti
1637 2331 1772 2389 uberrime
1799 2332 1899 2390 deseri

194 2424 283 2482 lerum
296 2423 328 2479 in
339 2420 526 2479 Franciseaua
539 2414 714 2486 bibliotbeoa,
729 2432 790 2492 pua
805 2418 882 2476 inter
908 2432 937 2475 se
955 2432 1021 2474 eun·
1072 2424 1148 2491 ptam
1161 2418 1284 2490 opendes,
1300 2422 1334 2477 ut
1345 2421 1446 2493 purior
1458 2423 1649 2495 oeritaopuam
1660 2429 1740 2479 anim
1752 2439 1770 2478 a
1781 2422 1901 2479 munul-

184 2509 804 2586 'otispeneionoeniunt,atinpuonplurinis
818 2507 1021 2582 anulpatisdis-
1075 2504 1110 2563 tis
1123 2508 1305 2581 nteeptioato
1328 2508 1536 2583 demonstretur,
1556 2525 1589 2567 ao
1612 2509 1701 2585 puetis
1732 2516 1901 2585 pmntnspue

193 2600 315 2659 tardam.
333 2592 421 2670 Quare
436 2598 516 2657 aditu
534 2598 569 2655 od
598 2596 787 2669 muuusus‘pta
798 2598 846 2653 uin
872 2596 1019 2671 patefacto,
1074 2598 1111 2654 sit
1123 2598 1154 2654 b.
1171 2596 1431 2674 Petrusnosterper
1446 2612 1508 2658 earn
1526 2599 1684 2657 innoteseat.
1709 2599 1785 2671 opos
1810 2600 1901 2658 elabo-

193 2706 223 2748 ea
233 2691 292 2773 ipso
303 2688 409 2765 partim
421 2704 471 2767 per
485 2686 594 2753 anuos,
609 2685 723 2759 partim,
736 2701 786 2758 per
800 2696 842 2742 ute
857 2688 949 2759 ipsum
959 2700 1020 2761 per·
1074 2693 1170 2744 ratum
1184 2685 1299 2760 petierit
1316 2686 1562 2747 adineoribenclun
1583 2690 1755 2747 :sermones
1769 2688 1901 2748 maxime

194 2780 328 2848 uolutaui,
342 2785 368 2835 et
380 2774 723 2834 adhibitosodalisemetao
733 2776 837 2833 iterum
851 2788 868 2831 o
881 2775 1022 2849 eapiteaul
1076 2788 1111 2833 ex
1124 2780 1206 2849 parte
1220 2776 1367 2842 illustrati,
1381 2778 1554 2851 quadrarum
1568 2777 1658 2837 eadee
1675 2776 1901 2852 vituperones,

195 2871 295 2929 toteem
309 2874 368 2925 otim
377 2864 530 2937 eaemplari
543 2864 668 2937 primum
680 2864 951 2938 Bmouioinpoeno
961 2880 1022 2922 oon·
1076 2864 1192 2922 tenebris
1205 2874 1309 2933 erutus,
1325 2873 1350 2923 et
1365 2866 1514 2924 asardibus
1532 2868 1695 2933 uindicatus,
1717 2868 1803 2942 napis
1819 2876 1902 2940 poam

196 2954 1018 3031 latiniqueornataqueoumpueuttteuit,oolamocorreoi;
1076 2957 1208 3010 anteasst
1218 2954 1364 3027 tepentibus
1382 2958 1540 3013 mutuatus
1557 2972 1590 3012 ae
1616 2956 1778 3012 decimatus.
1806 2956 1903 3014 iiiios-e

196 3046 397 3121 uariospuoneo
410 3044 522 3099 inutiles
538 3041 662 3098 tentiones
690 3042 719 3096 in
743 3044 868 3113 morpine
894 3041 1019 3115 aruspet,
1076 3041 1191 3110 insuper
1203 3047 1283 3114 atque
1295 3042 1438 3114 splendore
1452 3043 1527 3114 lonpo
1551 3043 1675 3100 omnibus
1698 3043 1905 3116 eaemptaribus

195 3132 334 3199 nunmso's,
350 3132 448 3204 poribus
461 3142 523 3187 mss.
544 3131 706 3196 exuberant,
722 3131 840 3198 reiectis,
857 3137 884 3187 et
907 3133 933 3186 ei
955 3130 1022 3202 quid
1076 3129 1124 3185 boo
1137 3140 1219 3202 opera
1229 3134 1350 3205 praestd.
1368 3130 1399 3186 tn
1413 3144 1463 3202 quo
1476 3130 1607 3202 pariundo
1622 3144 1686 3203 quos
1696 3135 1831 3204 summm,
1862 3131 1905 3187 to-

196 3221 295 3280 'eoiitis
309 3220 426 3277 omnies
439 3224 516 3292 parte
541 3216 684 3275 emendari
710 3218 840 3291 nequiuit,
868 3216 964 3275 stridui
992 3218 1022 3275 id
1077 3216 1150 3274 bores
1164 3220 1189 3274 et
1204 3216 1331 3290 anceio
1345 3217 1487 3290 subierim,
1507 3228 1590 3290 quoni
1602 3219 1906 3291 aeprasapissualetu·

195 3312 294 3369 nentis
304 3308 483 3385 speculatione
500 3304 640 3381 supplere3
655 3306 764 3364 tametsi
778 3306 825 3364 boo
838 3324 902 3365 raro
916 3306 1022 3382 {uotum
1075 3306 1139 3364 dine
1150 3310 1305 3380 prostratus
1313 3307 1458 3381 jacuerim,
1484 3322 1597 3381 quaeqae
1620 3308 1790 3365 Mnemeion
1809 3323 1843 3366 aa
1857 3310 1904 3366 de·

196 3406 245 3469 ott,
258 3398 477 3481 puodbaoratio
500 3397 627 3453 maximis
644 3395 855 3469 difficultatibus
884 3396 1022 3453 obstriuta
1075 3395 1409 3469 tmwresdomip‘orisquo
1422 3398 1523 3468 fuerim
1534 3410 1687 3470 perpetrm,
1702 3398 1753 3453 soit
1776 3397 1832 3470 ipse
1854 3399 1908 3470 qui

198 3480 348 3548 iubrieasit
362 3492 388 3545 et
400 3485 502 3560 {aliam
519 3485 704 3554 Quamobrem,
720 3486 758 3542 Β.
784 3487 875 3545 Petro
901 3485 1021 3543 matera
1076 3483 1183 3540 tandm
1197 3498 1212 3539 e
1226 3484 1292 3541 eolo
1302 3484 1438 3558 mareuil,
1460 3484 1637 3560 Cbrpsotapus
1661 3492 1790 3553 sanetus;
1813 3482 1907 3543 soiusd

197 3584 262 3645 tore,
278 3591 409 3650 pomona
421 3574 513 3641 teatio,
529 3576 561 3629 ni
571 3573 668 3646 satur,
699 3574 740 3631 ita
762 3570 896 3633 commode
907 3592 959 3651 per
981 3592 1023 3632 mo
1075 3573 1157 3630 multi
1173 3571 1248 3630 dooti
1251 3574 1415 3647 probatique
1428 3575 1543 3645 Patres,
1563 3574 1611 3648 qui
1619 3576 1755 3634 meetiam
1768 3576 1843 3632 inter
1853 3570 1905 3632 sil·

197 3667 328 3725 restituto
341 3669 380 3725 est
391 3664 476 3737 operi,
491 3668 523 3720 ut
534 3662 646 3734 poetbae
660 3676 695 3720 eo
704 3661 741 3719 iis
752 3678 812 3736 quse
830 3663 955 3721 inueniri
975 3681 1023 3743 po·
1077 3672 1122 3717 ons
1136 3662 1172 3719 ad
1184 3658 1342 3719 animarum
1351 3678 1445 3720 euram
1458 3663 1560 3738 torpeo
1573 3665 1740 3739 sapientium
1753 3676 1904 3737 unmossu

198 3759 320 3822 luerunt,
334 3751 517 3831 paramineo
530 3753 567 3808 sit
580 3752 698 3825 amplius
709 3750 1023 3810 daemonoriumaibso·
1076 3750 1244 3821 residentem,
1260 3750 1394 3810 librorum
1414 3756 1440 3811 et
1466 3752 1540 3810 bona
1572 3753 1737 3813 ualetudinis
1763 3760 1903 3827 expertem

198 3842 267 3904 tutis
275 3841 506 3902 emendationibus
518 3849 659 3911 mpermat
672 3841 878 3899 aoeuratissima
888 3841 1024 3901 obscurio·
1076 3841 1190 3899 adoerm
1200 3856 1285 3915 prope
1305 3843 1397 3901 omnia
1422 3854 1571 3916 superasse,
1587 3850 1614 3901 et
1641 3859 1708 3917 opus
1730 3844 1904 3919 propositum

197 3950 259 3991 rum
272 3930 597 4007 loeoruminterpretatio,
611 3925 1022 4005 atpuerestitutcecorreptionis
1076 3929 1172 4004 atiquo
1182 3929 1288 3986 dmum
1309 3947 1341 3989 so
1363 3937 1440 4004 parte
1463 3931 1618 3998 absolvisse,
1644 3932 1796 3988 mirantur.
1829 3928 1905 3998 Quod

196 4023 292 4088 ratio:
307 4016 623 4093 sednumpoideopenu
636 4035 692 4075 meo
704 4020 802 4091 opimis
821 4020 927 4093 poterat
941 4018 1023 4093 dapi·
1076 4017 1164 4076 adbuo
1177 4020 1207 4075 in
1226 4018 1344 4077 tenebris
1355 4018 1530 4088 delitesceret,
1544 4022 1602 4077 nisi
1615 4018 1731 4079 illorum
1744 4022 1850 4078 ansero
1858 4016 1906 4093 isi

197 4110 247 4169 bus
257 4127 350 4168 mensa
360 4110 468 4184 parari,
478 4107 535 4165 siis
547 4125 606 4166 sum
621 4124 666 4185 epo
678 4109 727 4182 qui
750 4125 804 4165 nou
822 4108 901 4182 prius
929 4124 1023 4165 sacrae
1077 4107 1149 4165 dioio
1161 4122 1235 4165 nune
1245 4108 1327 4165 edm
1337 4107 1445 4181 subseri
1460 4111 1621 4184 compulsus.

197 4200 280 4271 atiipi
288 4200 403 4264 litteras,
419 4215 499 4271 quam
509 4198 539 4253 in
550 4196 802 4269 tapetibusstudiis,
812 4194 1024 4270 forensibusque
1112 4196 1150 4253 In
1164 4213 1194 4254 ea
1206 4192 1479 4270 oomponendojuala
1491 4198 1593 4256 Seneea
1606 4198 1709 4272 (Epist.
1723 4194 1788 4271 itu)
1817 4188 1907 4255 moni·

198 4288 318 4359 repotiis
330 4287 479 4343 dimidiam
491 4289 669 4357 tranoeperim
686 4288 817 4342 emtam?
835 4288 915 4344 Fisus
929 4295 1023 4343 tamen
1077 4292 1116 4351 ta,
1132 4287 1341 4358 mnpisquaesioi
1352 4287 1420 4359 quid
1429 4288 1671 4362 uribmem,pnam
1682 4288 1906 4361 puenoadmodum

199 4375 235 4433 B.
251 4376 387 4432 antistitis
407 4373 562 4445 patrocinio
581 4372 658 4445 otissa
688 4382 770 4429 sama
798 4375 940 4444 aptatum
968 4375 1023 4431 baa
1075 4373 1242 4446 seminem
1258 4383 1404 4447 propterea
1416 4377 1502 4451 dutus
1523 4378 1683 4452 muliorum,
1703 4384 1729 4435 et
1747 4394 1783 4437 eu
1808 4377 1906 4435 mobis

197 4461 403 4537 qualiacumque
414 4461 470 4515 sint
482 4460 586 4517 eobotia
592 4458 899 4519 meisiuoubrationibus
911 4477 1022 4518 tonsar-
1039 4446 1203 4519 Doonetons
1213 4478 1268 4519 non
1277 4463 1347 4518 idem
1358 4479 1464 4536 semper
1477 4465 1601 4533 babetur,
1617 4468 1683 4541 auia
1701 4468 1823 4525 aliorum
1847 4480 1906 4523 sen·

197 4553 290 4609 einata
303 4549 534 4622 libuitappanere,
549 4548 866 4613 sulttmt'neruditienon
880 4550 950 4611 nibil
957 4567 1022 4625 pro·
1075 4553 1173 4609 tentiae
1187 4551 1309 4625 reserens
1322 4555 1447 4632 pneriis
1460 4555 1551 4617 uubis
1559 4558 1780 4619 bunsoribendas
1794 4557 1903 4624 sensui,

196 4642 304 4715 lutura,
318 4640 358 4696 uel
371 4639 556 4696 litteratorum
570 4644 668 4695 mentes
684 4639 872 4706 stimulatore,
885 4657 936 4713 quo
946 4657 1020 4713 prse-
1073 4642 1105 4696 ut
1115 4655 1167 4696 sua
1179 4644 1341 4698 auctoritate
1353 4642 1499 4715 (uberent.
1514 4646 1608 4703 Faoile
1623 4654 1712 4704 tamen
1724 4654 1782 4704 tarn
1792 4649 1824 4704 in
1833 4663 1905 4705 eom·

196 4730 337 4793 itautiera
350 4734 527 4789 imitentur:
542 4729 643 4787 etenim
655 4729 804 4802 testuian
821 4737 1021 4805 aperueruut
1071 4729 1195 4807 morou
1209 4746 1289 4803 paam
1302 4732 1334 4789 in
1347 4734 1553 4795 transcribendo
1570 4737 1727 4797 aeidum
1740 4737 1833 4795 meua
1843 4753 1904 4810 qua

186 4816 537 4903 ,antemeridianam
550 4814 631 4890 facite
648 4810 839 4881 oiouioriius
848 4817 1020 4894 ripuariam
1074 4818 1276 4879 ueloseitanter
1287 4820 1330 4883 oet
1343 4820 1435 4883 minus
1448 4830 1512 4899 apte
1524 4824 1614 4899 positu
1628 4824 1758 4905 fuerim
1783 4824 1831 4889 sed
1857 4826 1905 4883 boe

182 4911 287 4992 ‚animo
301 4904 1022 4986 mopnitbeabpistaureioonaionatoriunberiusola·
1075 4902 1128 4965 Dei
1137 4910 1273 4981 permissu
1292 4911 1400 4984 fartum
1423 4910 1576 4986 arbitrare,
1604 4908 1637 4973 ut
1664 4910 1773 4975 tandem
1803 4910 1907 4975 suane

183 5001 308 5075 ,riusate
321 4996 411 5063 abditi
422 5012 514 5057 seruus
523 4995 736 5057 enueieobuntur
749 5002 775 5057 et
786 4992 1020 5070 eopiouatuntur.
1074 5000 1174 5073 gentes
1188 4998 1326 5071 quonium
1346 4998 1478 5063 homines
1493 5005 1560 5063 suat
1584 5000 1765 5079 (Psalmis).
1791 5000 1828 5060 Et
1852 5000 1907 5060 bae

232 5088 365 5149 luterum
379 5090 412 5149 nt
429 5084 460 5143 bi
471 5084 613 5149 simones
627 5084 680 5145 tibi
690 5085 831 5147 annau
853 5092 947 5153 mens,
976 5089 1022 5147 iu·
1075 5086 1145 5145 sutis
1159 5082 1279 5145 tibisiot
1292 5087 1390 5149 deum
1404 5082 1452 5147 boo
1465 5107 1544 5167 opere
1564 5090 1679 5161 muita,
1699 5088 1788 5157 testor
1801 5094 1905 5153 amice.

180 5172 314 5249 ‚dirutum
327 5172 601 5249 eorunotpuobetiio
623 5173 720 5235 ordine
741 5174 912 5249 distinotum,
936 5179 964 5235 eb
986 5176 1022 5235 ad
1075 5172 1198 5253 Ssdpuid
1211 5170 1488 5239 dirimentione
1496 5198 1561 5254 pure
1574 5199 1628 5241 non
1641 5200 1811 5251 neumenia,
1829 5201 1907 5259 pru·

194 5263 331 5327 eulaius
343 5265 375 5325 in
387 5262 501 5339 quotibet
512 5263 911 5337 mmoueubnarioeoarutas
918 5282 1021 5325 moon·
1076 5269 1116 5321 ter
1129 5272 1233 5334 meatu,
1246 5268 1306 5327 etsi
1320 5266 1384 5338 puio
1402 5268 1523 5339 ineptius
1536 5286 1569 5327 ae
1577 5272 1679 5349 pingui
1704 5273 1835 5333 Minerua
1856 5268 1907 5335 de·

193 5346 335 5415 modulum
348 5348 455 5425 aibeei.
472 5353 643 5419 Postmodum
656 5353 816 5431 seripturis
824 5353 906 5413 uerba
916 5352 1021 5413 tutera-
1074 5353 1207 5427 seriptum
1220 5363 1268 5421 est,
1283 5355 1327 5412 bie
1339 5356 1418 5415 aliud
1426 5354 1459 5413 de
1473 5375 1532 5417 raso
1540 5377 1688 5433 arnume
1702 5360 1908 5435 nequeamus·-

192 5439 239 5503 rio
251 5438 349 5501 ardino
363 5437 500 5507 librorum
515 5442 644 5516 disereti,
658 5442 729 5505 inibi
749 5444 859 5503 inventu
883 5441 1019 5514 faciliora
1074 5458 1163 5499 mones
1175 5460 1286 5517 namque
1299 5444 1357 5502 diri
1366 5452 1429 5505 eunt
1440 5446 1601 5523 CQsdopi
1613 5467 1621 5519 ;
1635 5448 1742 5513 ludioni
1756 5451 1792 5513 ab
1804 5440 1906 5513 eisdem

193 5524 313 5615 abarum
327 5527 359 5585 in
371 5526 486 5589 indioem
507 5531 625 5595 minoi,
654 5532 696 5597 Aa
724 5530 829 5589 undem
856 5529 1020 5591 notabilium
1074 5530 1236 5605 &sumptis
1276 5532 1476 5606 Correotr'ones,
1502 5536 1717 5627 observationes,
1743 5545 1771 5598 it
1792 5532 1906 5603 uisite
