4009 6192
96 249 170 323 itti

472 250 506 325 P.
528 253 676 323 aalma
695 245 991 323 bissunritrto'tu
1014 251 1046 316 ‘S
1066 242 1242 319 uisuntur.
1266 291 1304 303 -
1318 255 1405 320 CAP.
1428 253 1479 321 IX.

1726 252 1804 324 tuit

2 403 5 412 '
93 390 230 457 hasteria,
242 395 274 446 at
284 390 471 449 millesimum
479 408 632 450 numerum
643 393 727 467 longe
736 393 913 456 excederent,
944 387 1316 472 Acpistolissupracitatis,
1330 390 1407 462 apud
1432 388 1618 447 ambrosiam
1631 390 1805 464 inoperibus
1839 410 1844 420 ·

93 470 121 521 et
133 469 165 546 nt
177 478 235 588 elilim
251 463 347 544 minos
360 480 447 546 quarn
461 464 516 519 tria
537 464 618 520 milia
642 465 835 537 reperirentur
847 463 916 519 Gre-

5 645 12 652 .
90 536 479 686 {libertinitatis}
488 536 917 676 tulittllthtlhlht

2 715 10 722 -
91 681 190 802 pdterirta
201 676 344 757 mrrumsi
351 677 440 801 ¹etiam
452 677 712 748 Aquileiae,Nicetm
721 677 811 760 nostri
819 680 912 759 aetate,

90 749 809 902 htiltuitttttthttt¹lhr⁰ttlrtud
828 764 917 874 titt:

5 929 15 937 -
91 892 185 954 daret,
201 905 338 961 quasvere
352 889 455 945 choros
466 891 609 962 virgineos
631 894 845 946 consumerent.
861 891 917 946 Sed

2 976 16 1010 r.
92 963 129 1017 ad
144 960 203 1016 alia
215 960 359 1031 uirginalis
371 961 528 1043 disciplinae
542 962 637 1033 capita
657 963 880 1033 procedendum.

9 1061 13 1080 ·.
128 1033 277 1103 ipsanunc
290 1031 919 1104 virginominitiatioexpendendaienit,quae

2 1147 14 1154 .«
92 1102 276 1177 peculiariter
289 1119 307 1157 a
320 1103 420 1158 Niceta
432 1108 529 1159 nostro
541 1104 571 1158 in
585 1104 681 1159 libello
699 1104 865 1175 adlapsam
876 1102 919 1157 iu·

92 1174 209 1230 dicatur
233 1174 326 1245 capite
348 1174 375 1239 b,
390 1190 471 1229 nuin.
488 1174 522 1230 is
536 1179 565 1230 et
593 1174 636 1229 20.
658 1174 800 1231 Solemnis
816 1190 920 1298 nempe

2 1267 3 1272 ¹
92 1244 247 1302 velationis
261 1244 366 1299 ibidem
383 1246 501 1312 mentio,
516 1245 546 1299 in
560 1261 617 1317 qua
631 1246 687 1300 sita
700 1250 763 1301 erat
775 1244 885 1317 iirgina
897 1244 921 1300 is

2 1341 8 1370 ι
91 1316 234 1389 propositi
246 1316 360 1386 publica
372 1320 402 1371 et
415 1317 501 1397 plena
514 1316 651 1388 professio
668 1333 675 1383 ;
701 1316 788 1371 divini
808 1332 864 1386 quo
886 1331 920 1370 ua

6 1419 15 1442 .—
92 1387 206 1449 altaris,
223 1387 271 1440 ubi
287 1387 437 1442 velationis
448 1387 619 1442 caeremonia
630 1389 843 1460 peragebatur;
864 1332 920 1440 aiei

2 1483 9 1514 ς
92 1464 204 1514 sanctis
218 1457 372 1512 bominicae
380 1458 659 1529 Resurectionis,qua
667 1461 730 1529 post
740 1456 921 1530 baptismatis

2 1579 17 1602 ‚„
86 1528 322 1594 solemnitatem,
335 1528 411 1583 inter
425 1528 635 1600 neophytorum
650 1528 920 1584 candidatorumlu-

9 1657 13 1658 ff
92 1601 187 1664 mina,
203 1598 330 1679 uirgines
345 1601 548 1670 procedebant,
563 1604 595 1655 nt
610 1600 736 1656 uelamen
750 1599 921 1671 acciperent,

2 1699 6 1730 ,
92 1687 151 1744 qao
166 1687 180 1725 s
201 1670 311 1725 iritales
323 1672 491 1726 earumdem
507 1671 612 1743 nuptie
633 1687 698 1726 corn
717 1670 831 1729 Christo
854 1684 922 1741 rege

3 1779 9 1804 2
93 1741 169 1824 signi
192 1744 335 1796 cabantur
350 1756 385 1822 τί(
399 1745 506 1823 Νηηω
518 1745 676 1823 memorata
686 1741 855 1822 dieisanctie
871 1744 923 1795 bo·
952 1762 975 1821 Β
991 1738 1161 1821 lectionibus
1173 1739 1397 1821 quasflhabemus
1410 1739 1512 1820 icteris
1523 1742 1644 1822 hornam
1659 1748 1730 1798 ritus
1745 1762 1751 1810 ;
1768 1758 1817 1799 ne·

93 1813 498 1940 fimsqprffiaissqisprqeptffintiasitip
509 1812 774 1955 ffigffigpgffl
781 1811 924 1937 ctgnpgrlptiu
991 1826 1047 1883 qne
1062 1810 1176 1865 dubium
1191 1814 1299 1882 pariter
1312 1809 1413 1875 ullum,
1429 1826 1540 1891 qninex
1551 1827 1689 1882 primaeva
1697 1828 1814 1883 prorsus

11 1989 15 2016 ι
94 1956 230 2013 Ecclesiae
245 1954 305 2019 Dei,
322 1954 516 2010 interlumina
529 1954 737 2027 neophytorum
762 1952 922 2024 splendida,

2 2063 3 2066 =
95 2026 353 2084 intereundidatos
363 2026 444 2097 regni
457 2026 580 2082 coelestis
591 2025 672 2097 quasi
687 2023 776 2099 249
792 2024 862 2094 Regi
869 2039 924 2078 nu·

94 2104 185 2172 ptura
200 2111 390 2168 processeras.
406 2118 420 2145 ti

2 2205 11 2238 ς,
133 2168 287 2224 Mulierum
298 2167 471 2223 relationem
483 2167 511 2221 iii
524 2165 644 2222 ecclesia
652 2165 732 2238 graii
743 2164 858 2237 quidem
870 2179 927 2219 ser·

2 2293 3 2298 ,
96 2256 189 2296 mone
203 2239 338 2312 praecepit
346 2239 515 2310 Apostolus!
538 2237 592 2292 Cor
604 2254 642 2317 .¹¹·
658 2238 734 2310 quod
753 2240 927 2307 praeceptum

2 2353 3 2356 ,
97 2327 159 2368 nou
175 2312 264 2365 modo
276 2309 410 2365 mulieres
426 2315 529 2380 nuptas
541 2325 689 2380 respicere,
707 2306 853 2364 sedetiam
870 2321 928 2361 non

6 2445 13 2454 Α
97 2387 219 2454 nuptas,
235 2397 268 2435 ac
284 2380 412 2435 maxime
426 2379 549 2451 virgines
574 2395 608 2434 ex
641 2378 787 2450 proposito
801 2377 929 2449 pluribus

2 2505 13 2527 2
97 2453 283 2517 ostendebat,
292 2451 377 2506 tertio
385 2451 502 2506 ineunte
509 2450 850 2516 saecolo,Tertallianosin
858 2448 930 2503 libro

6 2565 16 2596 ·.
98 2529 138 2582 dc
155 2520 932 2593 vetandisvirgininus,quemscripsitannoulb,utra·

13 2661 18 2668 ‚
98 2595 193 2651 melio
206 2594 309 2659 risum,
318 2595 580 2648 adversiisabnsum
596 2596 664 2647 tnnc
673 2592 778 2647 alicubi
788 2594 929 2659 exortum,

4 2713 19 2739 ‚⁵
98 2681 161 2739 qno
178 2664 302 2735 virgines
315 2679 406 2719 sacrae
421 2663 592 2718 incedebant
604 2677 661 2718 non
670 2663 770 2719 relatae
782 2679 789 2716 ε
800 2662 846 2717 ubi
856 2662 932 2716 inter

2 2737 9 2790 f
100 2738 163 2794 alia
176 2738 240 2790 haec
251 2734 394 2805 capitelli,
411 2737 511 2789 notatu
519 2734 688 2805 dignissima
702 2732 931 2804 habet,atqnead

2 2811 21 2888 s,
99 2826 167 2865 rein
184 2811 314 2861 nostram
327 2811 509 2887 opportuna:
526 2805 679 2884 ‹adimple
695 2803 822 2859 habitum
832 2802 932 2857 mulie·

2 2887 12 2946 ’,
99 2881 146 2936 ris
159 2878 297 2948 (relando
319 2879 425 2932 scilicet
451 2881 583 2946 teipsam,
609 2892 626 2931 o
650 2889 750 2947 virgo),
766 2878 798 2929 ut
824 2878 932 2929 statum

100 2951 339 3022 virginisserves.
352 2946 471 3003 Mentire
479 2946 586 3017 aliquid
594 2963 626 3002 er
642 2946 840 3018 hisquaeiutus
855 2948 932 3012 sunt,

10 3027 12 3032 '
101 3014 933 3142 ntsoiiDeoerhibeasrcritatem:quamquainuonmenti·

2 3085 14 3160 ”,
100 3095 147 3150 ris
158 3095 279 3162 nuptam
292 3107 299 3156 ς
315 3090 436 3161 nupsisti
446 3090 524 3145 enini
533 3089 645 3145 Christo
655 3089 679 3154 ;i
693 3088 712 3143 ii
723 3086 865 3142 tradidisti
873 3102 934 3141 car·

3 3175 8 3180 '
100 3181 175 3221 nem
192 3168 284 3229 tuam,
295 3160 336 3215 illi
350 3161 494 3232 sponsasti
513 3160 711 3215 maturitatem
727 3164 816 3212 tuam.
834 3156 934 3212 lncade
1001 3166 1081 3229 atqua
1092 3158 1291 3212 illustrissimo
1305 3157 1357 3213 Dei
1374 3158 1490 3230 fomute
1498 3159 1605 3216 utaris
1619 3162 1786 3229 uomtiittae,
1796 3168 1829 3220 ut

2 3239 18 3252 '‘
100 3235 268 3293 secundnm
283 3233 380 3304 sponsi
390 3232 431 3286 tui
444 3232 633 3286 volontatem.
645 3230 771 3286 Christus
782 3233 826 3284 est
839 3227 887 3299 qui
907 3229 936 3282 et

3 3317 7 3325 ’
102 3306 345 3375 atienaasponsas
352 3308 382 3359 et
390 3302 541 3358 maritatas
547 3300 633 3357 velari
636 3302 728 3374 iubet,
737 3300 835 3372 utique
843 3298 936 3355 multo

13 3381 17 3388 '
104 3376 206 3448 magis
215 3391 292 3430 snas.
306 3396 318 3426 s
335 3375 402 3430 ilinc
415 3374 473 3429 ille.

145 3446 295 3503 velatione
309 3451 418 3512 autem,
433 3444 476 3499 vel
491 3459 508 3498 a
524 3442 623 3514 primis
643 3441 772 3498 Ecclesia
795 3440 935 3524 tempori·

2 3527 3 3540 ³
101 3523 172 3585 bns,
187 3523 333 3589 peractam
345 3516 432 3571 luisse
442 3514 780 3587 publicametsolemnem
793 3529 936 3586 virginum

2 3613 3 3616 ¹
103 3590 316 3652 initiationem,
332 3591 517 3642 monumenta
529 3590 682 3652 testantur,
696 3585 843 3656 virginum
852 3585 937 3640 nimi·

3 3677 11 3686 ‘
102 3677 177 3720 rum
187 3660 289 3716 velatio
297 3658 426 3730 spiritale
437 3655 936 3727 connubiumindicabnt,quodvirgo

5 3731 13 3754 '¹
104 3735 203 3792 inibat
210 3747 274 3787 cum
290 3731 402 3787 Christo
416 3745 521 3800 sponso
536 3744 543 3794 ;
563 3728 811 3798 quemadmodum
830 3727 936 3781 velatio

2 3805 3 3832 ³
103 3819 226 3878 quoque
242 3817 322 3857 nora
332 3816 442 3872 sponsor
452 3798 728 3869 adhibebaturapud
743 3797 887 3852 Romanos
905 3795 936 3850 in

104 3876 216 3934 ritibus
230 3873 413 3945 nuptialibus,
425 3876 457 3926 ut
467 3868 778 3926 satisnotumeruditis.
789 3867 935 3922 Licetiero

2 3965 11 3976 ”
104 3946 278 4016 exemplum
292 3944 408 4015 aliquod
418 3943 447 3996 in
462 3941 565 3997 divinis
581 3939 732 4011 scripturis
744 3942 937 4010 appareatre-

105 4017 230 4076 lationis
242 4014 407 4087 huJusmodi
417 4014 588 4079 initebecca,
604 4017 633 4066 nt
651 4009 935 4082 primnmviditlsaac

107 4101 253 4161 sponsum
264 4103 359 4151 suum,
370 4087 513 4141 tieneseos
527 4099 604 4147 xxiv,
619 4099 653 4138 ac
667 4081 752 4136 hodie
766 4095 879 4152 qnoque
894 4080 935 4134 vi·

7 4179 11 4188 ’
107 4165 181 4234 geat
195 4161 270 4213 inter
282 4159 413 4212 hebraeos
430 4156 560 4226 exemplo
572 4154 648 4209 Ruth
659 4152 830 4216 Moabitidis,
860 4151 936 4207 Ruth

109 4250 153 4298 iii,
169 4232 213 4294 tu,
231 4235 259 4284 nt
275 4228 408 4283 novimus
422 4243 455 4282 ea
476 4225 619 4280 buatorlio
632 4226 789 4297 Synagogae
810 4222 937 4278 iudaicae

2 4307 5 4339 ῑ
108 4303 208 4374 capite
222 4301 257 4356 39
269 4298 398 4354 :velandi
411 4303 508 4353 tamen
518 4293 937 4378 virginesconsuetndinem,ad

107 4373 288 4431 connubium
308 4386 408 4426 earum
422 4368 550 4441 spiritale
562 4367 758 4431 indicandum,
772 4365 801 4420 in
815 4363 938 4421 Ecclesia

108 4447 262 4502 indoctam
275 4443 361 4497 inisse
375 4441 485 4496 lucilius
499 4438 670 4495 crediderim
685 4453 719 4493 aa
733 4436 938 4492 moresmcula·

108 4518 190 4574 riom
206 4514 372 4585 nuptiarum
395 4511 442 4583 qui
456 4521 521 4566 tuuc
543 4509 572 4564 in
587 4510 718 4564 Romano
731 4509 800 4563 orbe
814 4508 938 4579 rigebat,

2 4603 8 4624 >
110 4588 220 4661 quique
230 4586 305 4640 inter
318 4582 494 4641 Christianos
502 4580 685 4653 ipsospriscis
703 4578 881 4651 temporibus
896 4579 940 4634 lo·

2 4675 6 4688 Γ
110 4654 497 4720 camhabuit,omnitamen
520 4651 689 4707 idololatriae
709 4649 887 4723 superatione
895 4665 940 4705 sn·

2 4751 3 4754 ¹
111 4732 206 4793 blata,
217 4726 401 4783 immoetiam
413 4724 562 4780 relationis
574 4721 941 4796 ejusdemnsuaddivinam

2 4835 4 4840 >
113 4799 296 4859 matrimonii
310 4798 451 4870 originem
464 4795 674 4851 ostandendam
689 4793 867 4849 sanctificato
883 4811 890 4859 ;
910 4796 943 4848 ut

2 4905 3 4910 κ
115 4871 278 4947 praesertim
290 4875 369 4942 patet
381 4885 415 4923 ex
429 4867 570 4950 epistolal
589 4864 681 4921 Siricii
694 4880 776 4937 papae
792 4865 829 4920 ad
850 4865 944 4919 iiimc-

115 4944 194 5001 rium
209 4943 452 4997 Tarraconensem
468 4953 642 5009 episcopam.
656 4953 718 5007 cap.
734 4936 761 5001 i,
776 4936 852 5007 apud
874 4937 944 4991 Cou-

116 5014 270 5083 stantium,
286 5015 355 5068 data
370 5015 446 5067 circa
460 5025 571 5065 annum
580 5007 684 5063 Christi
694 5007 756 5076 385,
772 5005 946 5061 ubivelatio·

117 5089 165 5144 nia
179 5084 340 5159 conjugalis
357 5083 431 5138 inter
456 5080 633 5138 Christianos
654 5076 763 5134 mentio
778 5080 844 5144 est3
865 5080 893 5132 et
913 5080 945 5131 ut

118 5163 234 5216 constat
248 5170 360 5227 quoque
372 5170 407 5209 er
421 5152 480 5208 diii
492 5149 761 5221 umbrosiiepistola
776 5146 914 5204 l9classis
922 5148 944 5218 1,

119 5233 223 5288 endem
238 5232 367 5299 tempore
380 5227 448 5281 data
461 5226 498 5279 ad
510 5222 642 5305 tigillum
654 5221 817 5293 episcopum
829 5217 946 5274 Triden-

119 5304 226 5365 tinum,
240 5316 321 5355 num.
335 5299 361 5362 i,
380 5295 428 5352 ubi
443 5295 568 5368 conjugii
580 5291 735 5348 Christiani
750 5306 855 5357 serino,
869 5290 946 5361 quod

119 5375 291 5443 sanctificari
298 5378 436 5441 oporteret
443 5362 777 5423 vetammcmcerdoioltet
783 5362 947 5418 bencdictio-

121 5461 166 5512 uc,
181 5445 211 5498 id
230 5447 273 5497 est
285 5440 428 5496 velamine
437 5454 486 5521 per
495 5438 674 5492 sacerdotem
683 5432 947 5506 sponsaecapitiiin·

122 5514 268 5589 ponendo,
284 5518 316 5568 ut
329 5511 448 5569 bannui
472 5509 595 5565 editores
610 5508 647 5562 ad
662 5509 739 5561 hunc
752 5506 846 5559 locum
861 5519 950 5559 anno·

122 5587 457 5647 tant.t¹'lammeum,seu
477 5580 565 5636 etiam
586 5579 748 5638 flamineus.
764 5575 858 5631 velum
879 5575 951 5630 illud

962 3124 985 3185 c
1001 3085 1211 3157 Martyrologiis
1222 3089 1374 3151 memoria,
1385 3088 1422 3142 ad

983 460 1117 516 similiber
1145 459 1531 533 urescripsitdevirgiaitate
1546 463 1622 518 etde
1643 462 1805 537 Virginibus

984 531 1100 603 acapud
1111 478 1182 587 affine
1194 532 1352 604 passim,ut
1361 531 1480 587 eruditis
1490 531 1590 589 itidem
1601 539 1712 590 notum.
1723 538 1804 609 Cuju,

984 604 1024 660 rei
1039 619 1126 674 porro
1139 604 1311 659 denotandae
1326 619 1413 659 cansa
1424 602 1527 659 relatio
1550 605 1710 676 conjugalis
1730 610 1807 679 apud

983 674 1132 730 Romanos
1146 673 1275 745 primitus
1286 673 1452 730 adbibitaii
1462 674 1808 737 l'lammeoamiciturnu·

984 745 1170 816 benstuiebat
1183 747 1282 801 Festus
1296 745 1368 800 Pom
1389 744 1450 801 eius
1467 744 1690 819 Grammaticus)
1702 750 1809 808 ominis

983 818 1163 897 bonicausa,
1177 817 1255 887 quod
1268 832 1299 871 so
1305 761 1419 872 assiXue
1426 818 1561 871 utebatur
1569 816 1709 886 flaminia,
1725 820 1809 877 idest

984 887 1111 944 flaminis
1125 903 1195 942 naor
1217 886 1263 943 ciii
1278 904 1335 943 nou
1359 887 1462 943 licebat
1481 886 1575 943 lacere
1598 888 1762 946 divortium.
1793 911 1806 944 s

986 959 1060 1024 Quid
1074 973 1131 1013 non
1143 957 1236 1014 simile
1248 959 1366 1014 adhunc
1375 959 1468 1041 ipsam
1481 958 1657 1015 innuendam
1670 977 1809 1033 ramper-

986 1034 1104 1102 petnam
1117 1031 1223 1084 scilicet
1234 1034 1319 1101 atque
1331 1028 1557 1086 indissolubilem
1572 1046 1716 1087 sacrarum
1728 1032 1810 1106 virgi·

987 1116 1058 1156 num
1073 1117 1139 1156 curn
1154 1100 1266 1158 Christo
1280 1117 1385 1173 sponso
1395 1102 1542 1170 unionem,
1553 1100 1582 1155 in
1595 1102 1726 1159 Ecclesia
1748 1119 1810 1176 pre·

988 1171 1067 1254 cibus
1081 1172 1119 1225 ad
1135 1170 1194 1254 haec
1203 1187 1293 1254 iisque
1306 1177 1450 1297 tempora,
1471 1175 1541 1253 dnm
1556 1172 1697 1244 virginum
1723 1174 1810 1258 capiti

988 1259 1019 1298 in
1034 1258 1135 1298 earum
1147 1247 1310 1299 initiatione
1331 1259 1365 1298 re
1378 1258 1463 1298 amen
1477 1244 1660 1314 imponitur?
1679 1265 1692 1296 i
1709 1251 1810 1317 Accipe

988 1313 1121 1369 velamen
1135 1329 1261 1378 sacrum,
1272 1329 1329 1385 qno
1341 1313 1564 1386 cognoscaris...
1580 1319 1608 1370 te
1619 1315 1732 1372 Christo
1745 1317 1811 1372 lesu

989 1385 1130 1441 veraciter
1143 1384 1345 1456 humiliterque
1357 1389 1417 1439 toto
1431 1384 1526 1439 cordia
1540 1385 1654 1453 annisu,
1675 1403 1812 1459 sponsam

988 1454 1193 1528 perpetualiter
1203 1454 1371 1512 subdidisse.
1385 1478 1399 1506 n
1408 1456 1498 1527 250
1507 1456 1582 1510 ltain
1592 1456 1814 1514 t'ontiiicalilto·

989 1542 1088 1595 mano,
1102 1526 1137 1581 de
1148 1526 1392 1609 benedictionem
1406 1527 1626 1610 consecratione
1645 1528 1790 1600 virginum
1804 1541 1812 1586 ε

989 1596 1816 1753 tithilllultitillantiilliniuntur:

993 1879 1125 1938 unctoria
1137 1879 1296 1952 disciplina.
1314 1881 1430 1936 Videtur
1439 1881 1526 1952 igitur
1538 1897 1595 1937 non
1610 1882 1756 1938 immerito
1771 1899 1816 1939 ie·

993 1951 1110 2008 lationis
1121 1951 1265 2024 virginum
1279 1951 1476 2007 caeremoniam
1490 1951 1630 2024 originem
1645 1954 1759 2010 duxisse
1782 1972 1816 2010 ex

994 2021 1138 2096 conjugali
1153 2027 1293 2088 vetorum,
1306 2022 1564 2088 tumethnicorum,
1577 2025 1819 2082 tumChristiano·

994 2110 1061 2151 rum
1075 2093 1333 2159 etiam,valationo,
1350 2092 1583 2149 adiudicandum
1598 2094 1819 2170 spiritalauirgi·

995 2180 1077 2228 num,
1089 2179 1142 2219 nec
1155 2180 1211 2219 non
1223 2167 1252 2220 et
1261 2164 1469 2230 indissolubile,
1487 2181 1608 2238 quoque.
1621 2183 1688 2222 com
1705 2168 1818 2225 Christo

996 2235 1170 2292 connubium
1183 2251 1190 2301 ;
1217 2237 1390 2291 routomiiiis
1405 2237 1469 2292 boni
1482 2253 1567 2293 cuasa
1581 2237 1659 2309 prius
1669 2239 1820 2295 inductum

999 2306 1093 2363 iuerat
1108 2305 1184 2388 apud
1195 2252 1495 2387 flomsnoaconjngale
1503 2309 1646 2374 velamen,
1675 2326 1732 2382 quo
1746 2309 1820 2366 scili·

997 2383 1052 2446 cet,
1067 2380 1121 2432 etsi
1131 2392 1188 2432 ηοη
1202 2377 1823 2453 omnimodeapndiilosadmitteretur,opta·

998 2447 1823 2522 retur,saltemindissolubilisnuptiarumnexusadexem·

1019 2518 1384 2590 lumnxorisllaminisqnie
1405 2519 1459 2575 hoc
1472 2520 1614 2578 velamine
1637 2525 1746 2578 murtae
1764 2530 1826 2581 iste·

1034 2590 1447 2662 tnrjuxtaFestum,eteoinon
1456 2592 1820 2664 ticebotfocerediuortiuin:

999 2665 1028 2717 et
1038 2659 1345 2733 proutidemielamen
1358 2660 1446 2716 ctiam
1458 2662 1647 2720 adhibebatur
1667 2663 1697 2720 in
1716 2680 1825 2720 connu-

999 2732 1053 2788 biis
1063 2730 1511 2796 Christianorum,adabsolutam
1523 2749 1677 2806 nempe,e1
1689 2735 1825 2793 Christia·
1842 2757 1845 2764 ’

999 2819 1045 2858 nar
1056 2801 1203 2873 religionis
1217 2801 1365 2872 institutis,
1373 2802 1640 2878 vinculiconjugalis
1649 2807 1826 2880 perpetuita-

999 2877 1058 2929 tem
1078 2873 1276 2928 indicandam.

1036 2945 1119 3010 Quod
1131 2960 1208 2999 nunc
1221 2947 1330 3016 spectat
1344 2945 1381 2999 ad
1395 2944 1551 3002 vetustiora
1566 2946 1716 3005 relationis
1743 2948 1827 3022 uirgi-

1000 3031 1070 3071 num
1085 3020 1285 3084 monumenta,
1292 3017 1372 3071 adest
1377 3032 1428 3086 pro
1435 3016 1532 3142 primo
1543 3019 1676 3076 Ecclesiae
1686 3020 1826 3077 saeculoin

1454 3087 1511 3143 lein
1530 3090 1634 3156 illati,
1656 3092 1828 3149 Rectissime

1002 3228 1124 3301 legimus
1137 3229 1220 3312 ¹apud
1234 3230 1454 3300 Adonem3qum
1463 3230 1550 3287 etiam
1558 3232 1663 3289 ibidem
1670 3235 1783 3301 dicitur,
1793 3235 1829 3289 si·

1002 3306 1051 3382 cut
1064 3304 1093 3355 eb
1106 3299 1175 3382 alibi
1190 3316 1314 3370 quoque,
1327 3322 1338 3350 ι
1353 3304 1483 3357 asancto
1494 3302 1642 3360 Clemente
1660 3321 1742 3362 sacro
1754 3305 1830 3361 vela-

1002 3387 1082 3427 mine
1096 3372 1134 3427 ad
1148 3371 1322 3443 integritatis
1352 3374 1595 3443 perseverantiam
1623 3382 1798 3431 consecrata.
1812 3395 1827 3427 n

1002 3444 1064 3499 Duo
1073 3442 1119 3498 hic
1131 3444 1268 3498 hactenus
1282 3460 1289 3498 :
1303 3446 1333 3498 et
1346 3459 1427 3498 sacro
1437 3444 1580 3501 velamine
1596 3451 1723 3502 sacratas
1739 3445 1827 3501 luisse

1004 3515 1040 3571 ab
1055 3515 1116 3587 ipso
1132 3513 1263 3570 Ecclesiae
1274 3514 1391 3570 exordio
1407 3515 1435 3569 in
1453 3517 1584 3571 Romana
1600 3517 1723 3573 licclesia
1748 3516 1827 3573 Chri·

1003 3587 1113 3641 stianas
1124 3584 1252 3656 Virgines
1264 3600 1271 3649 ;
1285 3590 1312 3640 et
1327 3600 1440 3640 sacrum
1455 3585 1549 3655 ipsum
1558 3587 1692 3642 velamen
1718 3587 1829 3643 adhibi·

1004 3663 1064 3712 tum
1080 3671 1179 3725 reapse
1194 3655 1281 3710 luisse
1293 3656 1331 3710 ad
1343 3655 1743 3727 intepiitotiapcrseocrnntiom
1754 3658 1828 3714 indi·

1003 3727 1139 3789 eandam,
1154 3726 1235 3780 idest
1249 3729 1417 3798 perpetuam
1431 3726 1573 3798 virginum
1584 3728 1751 3802 hujusmodi
1761 3746 1828 3787 cuin

1003 3796 1116 3854 Christo
1128 3811 1233 3867 sponso
1244 3796 1391 3865 unionem,
1414 3802 1503 3880 prout
1529 3801 1631 3855 ominis
1650 3801 1711 3859 boni
1735 3818 1826 3869 consu,

998 3867 1084 3943 juxta
1097 3867 1222 3932 Festum,
1242 3866 1282 3922 uti
1296 3872 1382 3924 antea
1392 3868 1568 3939 dicebamus,
1595 3872 1763 3930 velabantur
1781 3888 1828 3929 eo-

1003 3940 1207 4021 demtempore
1218 3940 1293 4021 apud
1302 3940 1422 4012 gentiles
1432 3941 1583 3997 hominum
1592 3958 1704 4014 sponsas
1717 3945 1754 3999 ad
1766 3960 1828 4015 per·

1002 4012 1172 4083 petuitatem
1187 4010 1249 4064 initi
1262 4025 1312 4066 seu
1331 4011 1449 4068 ineundi
1458 4012 1593 4067 connubii
1617 4014 1721 4068 saltem
1735 4014 1828 4085 auspi·

1002 4083 1136 4145 eandam,
1154 4085 1184 4135 et
1193 4085 1277 4151 proiit
1289 4080 1422 4137 similiter
1431 4085 1508 4154 apud
1522 4083 1698 4139 Christianos
1712 4086 1750 4139 ad
1764 4101 1828 4156 per·

1040 4154 1172 4207 tuitntem
1187 4152 1319 4208 eamdem
1330 4168 1430 4223 reapse
1445 4158 1474 4208 et
1488 4155 1615 4210 absolute
1630 4157 1830 4217 asserendam.

1003 4167 1059 4281 Ram
1073 4222 1189 4308 quidem
1205 4237 1266 4301 non·
1277 4222 1356 4301 latet,
1371 4225 1503 4279 Adonem
1515 4225 1644 4297 aliosque
1659 4228 1830 4309 martyrolo-

1004 4311 1055 4368 gos
1071 4293 1173 4349 llario
1186 4293 1339 4348 Domitillae
1350 4293 1393 4348 vir
1414 4294 1467 4349 'nis
1483 4300 1511 4351 et
1525 4297 1660 4369 martyris
1672 4299 1827 4370 prolixum,

1005 4367 1080 4437 quod
1096 4363 1241 4445 exhibent,
1255 4364 1379 4445 elogium
1394 4310 1523 4422 ffausisse
1533 4369 1829 4427 exactissanctorum

1007 4436 1085 4494 Nerei
1100 4442 1128 4490 et
1140 4434 1273 4500 Archilei,
1284 4452 1347 4507 quse
1368 4437 1444 4508 apud
1469 4439 1595 4495 eruditos
1610 4440 1640 4495 in
1667 4441 1831 4499 sinceritate

1005 4507 1166 4566 claudicare
1180 4506 1321 4571 videntur,
1337 4511 1366 4562 et
1375 4508 1404 4562 in
1419 4525 1483 4579 quae
1494 4511 1720 4569 immitiusetiam
1730 4520 1834 4586 protei·

1006 4595 1087 4635 suum
1102 4593 1201 4632 morem
1214 4578 1524 4648 ferturiillemontins,
1539 4588 1619 4640 torno
1633 4585 1668 4649 ll,
1679 4586 1718 4640 uti
1729 4588 1831 4641 admo-

1009 4655 1057 4707 net
1071 4648 1248 4706 clarissimus
1261 4649 1424 4707 Dominicus
1438 4651 1575 4727 Georgius
1590 4655 1618 4711 in
1634 4656 1741 4712 Adonis
1759 4659 1832 4712 blar-

1009 4727 1020 4778 t
1040 4720 1149 4793 rologio
1165 4737 1182 4776 a
1196 4736 1226 4777 se
1235 4720 1387 4794 illustrato,
1404 4723 1441 4779 ad
1456 4724 1531 4780 hanc
1541 4725 1633 4796 ipsam
1644 4727 1721 4782 diem
1731 4727 1830 4784 ibinii.

1032 4795 1118 4849 odem
1145 4791 1242 4864 itaqua
1267 4793 1387 4865 Georgia
1413 4800 1570 4865 praeeunte,
1604 4798 1739 4853 humanis
1757 4804 1834 4853 certo

1010 4869 1083 4921 Acta
1096 4863 1146 4919 illa
1166 4864 1266 4920 haberi
1278 4870 1434 4931 merentur,
1451 4882 1525 4937 qnia,
1542 4866 1735 4940 potiusquam
1748 4868 1833 4934 falsa,

1010 4934 1185 5007 interpolata
1199 4935 1302 4990 alicubi
1315 4936 1451 4991 Baronius
1461 4937 1613 5009 Judicaiit,
1629 4955 1746 5011 quaeque
1760 4941 1835 4994 lien·

1011 5006 1143 5064 schenius
1160 5006 1362 5062 bollandianos
1372 5009 1491 5088 optimae
1507 5008 1573 5064 fidei
1584 5009 1835 5067 essecensuit.Non

1012 5084 1056 5136 est
1067 5081 1164 5133 antem
1172 5092 1223 5131 cnr
1233 5076 1483 5147 interpolationem
1498 5079 1750 5151 suspicemurineo
1759 5082 1837 5153 quod

1013 5148 1141 5204 Flauiam
1149 5146 1838 5225 Durniti‘llamasanctopapaClementevirginem

1013 5222 1209 5276 consecratam
1225 5218 1323 5273 dicant
1337 5235 1418 5274 sacro
1430 5221 1584 5291 uelamine,
1597 5223 1631 5290 si,
1648 5229 1713 5295 post
1728 5241 1763 5281 ea
1774 5240 1839 5297 qum

1015 5288 1306 5368 supraqattulimusdo
1320 5290 1468 5346 velaminis
1484 5308 1545 5357 usu,
1570 5296 1632 5375 quis
1656 5294 1745 5351 etiam
1772 5303 1841 5353 tunc

1015 5364 1130 5419 oscetin
1146 5360 1278 5415 Romana
1292 5361 1415 5417 Ecclesia
1427 5362 1599 5433 virginitatis
1615 5367 1708 5423 cultus
1720 5372 1844 5424 etardor

1016 5434 1189 5488 intueamur.
1207 5431 1329 5496 Quinam
1351 5449 1418 5488 vero
1435 5438 1504 5488 tunc
1525 5436 1622 5504 inerit,
1641 5439 1710 5495 satis
1723 5441 1847 5499 edocent

1018 5500 1210 5631 vqirstiogppaitlgm
1217 5504 1423 5630 {iplpnejiqsdem
1434 5506 1526 5562 sancti
1535 5524 1614 5592 papae
1629 5511 1846 5596 Clementiana

125 5648 953 5730 coniugaleapudveterasvocabatur:etllammeumquo·
1020 5589 1328 5718 mflfgffldiffl’slfiwb
1344 5587 1847 5730 ffinz'ffflggzprsslffigvfflffssei

126 5745 192 5806 qne,
201 5735 238 5785 ob
251 5726 293 5811 rei
308 5723 537 5810 similitiidinem,
557 5719 739 5802 appellatum·
751 5718 805 5775 luit
815 5717 965 5802 virginata‘
1021 5720 1196 5799 murorum
1210 5731 1287 5775 anno
1302 5718 1505 5806 libitinarios
1527 5723 1649 5784 lacobus
1662 5728 1846 5794 Wetatenius,

126 5800 261 5866 velamen
271 5802 347 5857 inter
353 5797 531 5856 Christianos
544 5810 552 5866 ;
568 5797 600 5854 nt
611 5791 696 5869 opud⁴
706 5791 915 5870 Hieronymum
924 5804 955 5850 in
1024 5803 1154 5870 quosque
1166 5803 1197 5847 in
1211 5803 1295 5850 suam
1308 5805 1414 5852 noram
1425 5792 1635 5859 Bibbotbccam
1649 5798 1786 5862 verarum
1797 5799 1852 5858 Pa·

271 5889 394 5951 Parnoi..
416 5886 479 5952 nil.
1511 5949 1523 5966 b
1554 5967 1560 5976 ·
1599 5888 1635 5951 gg
