4009 6192
237 210 295 280 no
655 206 715 276 ru.
737 200 927 278 almlunr
948 202 1127 277 Ammon
1149 208 1218 276 mo
1238 214 1269 278 s.
1292 184 1520 278 vimulum,
1660 294 1672 313 ο
1887 214 1933 277 ru

234 346 317 403 uliud
325 344 506 403 vascondere
519 343 700 411 inhonorem,
708 344 790 401 atiud
800 346 830 401 in
842 347 1058 404 contumetiam.
1075 348 1099 410 A
1149 347 1176 402 8.
1195 344 1356 418 siquiden
1372 346 1449 401 initii
1464 343 1581 400 nomine
1592 342 1623 398 in
1636 341 1705 425 ipsis
1717 341 1825 398 enoris
1841 344 1888 399 sni
1902 361 1936 402 m·

234 418 306 491 quio
314 430 397 474 omno
409 417 468 474 uisi
476 430 529 488 per
539 416 854 489 pratiamjustifiaetur,
868 424 894 475 et
910 419 1061 475 nunonisi
1115 418 1227 472 nebulis
1240 417 1366 489 cujusvis
1378 416 1443 472 boni
1456 414 1551 487 operis
1560 414 1679 471 exordia
1686 413 1894 487 designabant,
1907 417 1935 472 its

233 505 264 544 ns
272 490 515 559 praevaricatione
526 494 678 544 nascatur.
694 488 752 544 Sed
765 491 915 560 refugiunt
928 490 1008 559 istud
1014 491 1060 560 la-
1115 494 1147 544 ut
1159 504 1216 544 nou
1228 487 1313 559 primi
1329 490 1481 544 dumtaxat
1494 486 1562 543 boni
1576 490 1656 542 actus
1670 485 1762 551 liberi,
1779 486 1841 542 sire
1870 487 1933 553 fidei,

229 561 457 630 'teri,diomapue
468 558 706 629 moridereoperr'
717 566 881 616 sanctorum
888 561 1060 630 meritasor-
1114 562 1165 615 sed
1179 560 1347 631 quorumvis
1361 561 1502 615 bonorum
1517 573 1636 629 operum
1648 557 1685 612 ad
1700 559 1935 627 perseverantium

232 632 351 695 midam,
364 645 418 687 nec
436 630 626 702 acquiescunt
638 630 878 699 predestinatum
902 632 1061 688 electorum
1116 630 1342 687 necessariomm
1353 631 1473 686 exordia
1483 632 1560 685 nudo
1572 628 1662 684 libero
1677 628 1800 683 arbitrio
1823 630 1935 685 ascribo

229 714 446 759 'numerumnec
455 701 561 772 aupem¹
571 715 656 770 posse
665 715 719 757 nec
730 701 877 769 minutae
887 702 1061 773 tocumapud
1114 706 1188 757 rent.
1204 703 1304 757 Postea
1317 709 1415 757 tamen
1428 700 1561 767 convicti,
1574 704 1606 755 ut
1619 700 1651 755 [i.
1667 699 1847 771 Augustinus
1858 702 1936 757 relert

230 773 361 843 infideles
374 786 408 828 ao
438 771 616 843 neptipentes
637 772 853 830 cohortantium
878 774 1062 830 incitamenta
1115 772 1164 828 lib.
1176 773 1212 829 de
1223 774 1359 829 eredat.
1378 773 1425 828 Sil.
1440 789 1466 830 o.
1482 772 1509 840 Ξ,
1522 775 1550 827 et
1565 770 1595 826 in
1608 769 1937 837 e'usdemlibricalce,et

230 858 292 901 non
311 843 450 913 taleam,
467 843 710 913 aucupentuasit
724 842 880 899 industrie
894 859 930 901 ac
949 845 1061 901 tatoris
1115 843 1165 899 lio.
1182 845 1217 900 de
1232 845 1310 899 Bono
1327 846 1470 901 Persever.
1488 860 1513 899 c.
1525 842 1598 913 l'l,p
1630 841 1935 908 inodinmcecinernnt,

230 913 579 985 indicciopujusstuamm
588 915 1060 985 cessanteeiectionesrastraudum
1113 930 1200 987 seque
1213 915 1420 972 restrinxerunt
1431 916 1468 971 ad
1478 916 1573 969 solum
1585 913 1686 969 salutis
1699 912 1816 968 initium
1828 918 1860 969 et
1886 931 1936 987 pec

230 985 334 1043 sitite
348 984 466 1043 demum
478 984 554 1041 enim
567 1000 651 1054 posse
657 999 887 1058 unumquemque
900 987 942 1043 ad
952 1002 1061 1044 correo·
1114 986 1306 1043 sevemntiam
1320 986 1348 1041 in
1361 1002 1407 1053 ca,
1422 992 1452 1041 ut
1463 985 1506 1041 bis
1520 1000 1582 1057 cap.
1596 984 1645 1039 illo
1664 984 1697 1038 Π
1709 988 1834 1040 testatur
1844 986 1880 1041 D.
1892 988 1935 1041 Au-

231 1060 338 1114 tionem
348 1056 562 1128 autprosectum
572 1058 679 1126 uocari,
690 1057 719 1111 si
732 1059 842 1113 sesciat
854 1057 1061 1129 auiditipentiu
1112 1057 1254 1128 gauduus.
1270 1058 1365 1114 Placet
1379 1057 1442 1128 ipss
1455 1057 1542 1112 verba
1553 1055 1736 1126 appendere3
1758 1057 1935 1136 quodrecsu

231 1126 408 1184 innumerae
457 1141 511 1193 sse,
527 1132 553 1182 et
568 1127 826 1183 literrmemsuum
839 1128 992 1185 ottociiei
1007 1144 1059 1185 au·
1114 1129 1201 1184 tiores
1226 1127 1313 1199 aliqui
1337 1142 1435 1185 secure
1465 1127 1661 1199 pronuntient,
1693 1126 1935 1200 semipelagianos

229 1198 386 1267 xiiiojuoa
428 1213 483 1266 am,
499 1197 617 1268 siquod
631 1197 702 1252 deus
716 1199 851 1263 mundat,
864 1199 995 1270 cleperit.
1016 1202 1059 1256 Ac
1113 1199 1188 1255 circa
1202 1199 1297 1254 solum
1318 1199 1419 1255 salutis
1442 1196 1566 1262 initium,
1597 1213 1655 1253 non
1684 1195 1754 1252 item
1781 1196 1863 1253 circs
1886 1216 1935 1270 per·

230 1271 274 1325 sic
288 1283 355 1325 cum
366 1271 397 1323 in
413 1269 458 1324 lus
472 1267 524 1341 qui
536 1276 651 1337 tempus
662 1274 834 1338 occeperunt
844 1269 943 1326 litere
957 1269 1060 1326 voiun-
1113 1270 1316 1339 reverentiam,
1328 1270 1485 1325 aberrasse.
1509 1270 1553 1324 lta
1564 1284 1633 1341 ergo
1657 1267 1787 1340 loquitur
1808 1271 1933 1342 Augusti·

231 1341 301 1397 tatis
315 1340 373 1394 duo
387 1339 445 1395 sint
461 1353 526 1412 que
552 1339 709 1396 numanam
741 1347 900 1409 operemur
920 1341 1057 1407 satutem,
1113 1357 1177 1407 nus,
1192 1341 1475 1412 relercnsscmipela
1498 1338 1630 1396 'anorum
1657 1338 1837 1395 sententiam
1866 1360 1873 1397 :
1897 1342 1935 1397 su

229 1408 283 1467 Dei
295 1410 404 1466 scilicet
417 1416 529 1481 pratia,
545 1416 571 1466 et
587 1410 716 1467 hominis
726 1409 902 1477 obedientia,
931 1413 1058 1481 priorem
1112 1413 1146 1478 ir,
1166 1413 1322 1484 quisotum
1336 1415 1456 1468 initium
1469 1354 1541 1481 {dei
1555 1417 1582 1468 et
1595 1412 1729 1482 usquein
1740 1413 1836 1481 finem
1850 1427 1935 1482 perse·

229 1482 330 1538 uolunt
344 1481 536 1537 obedientiam
552 1495 614 1537 esse
631 1497 722 1552 quam
736 1486 878 1553 qratiam,
890 1488 922 1537 ut
939 1483 1058 1540 initium
1112 1485 1276 1541 vorantium
1287 1483 1368 1539 sicin
1384 1490 1483 1539 nostra
1492 1484 1672 1539 constituant
1683 1485 1840 1551 potestate,
1850 1488 1883 1539 ut
1896 1486 1936 1540 liei

229 1554 337 1610 salutis
351 1567 386 1609 cu
399 1568 428 1607 eo
444 1552 497 1623 qui
506 1552 647 1618 saluatur,
661 1567 765 1609 norrea
774 1568 803 1607 eo
818 1553 996 1610 credendum
1019 1555 1059 1609 sit
1112 1556 1188 1611 dona
1199 1569 1259 1612 esse
1271 1569 1332 1611 nou
1341 1561 1456 1624 putent,
1472 1554 1615 1638 nequead
1629 1553 1691 1610 tuac
1707 1553 1850 1610 iubenda
1862 1560 1936 1627 atque

229 1628 310 1680 stare
321 1624 374 1695 qui
385 1624 479 1681 saioat
487 1640 496 1689 ,·
512 1630 538 1680 et
546 1622 679 1679 uoluntas
685 1624 826 1691 torminis,
839 1625 951 1681 divina
976 1627 1057 1681 rotiae
1112 1626 1289 1682 continencia
1301 1626 1522 1695 Deumoperars
1533 1630 1651 1681 nostras
1661 1624 1892 1695 capitationeset
1901 1643 1936 1683 oo

229 1696 288 1751 siti
298 1695 395 1765 pariat
408 1710 500 1776 opem,
511 1709 570 1776 oon
577 1700 677 1775 pratia
688 1695 742 1750 siti
751 1695 907 1752 tamarum
920 1640 1058 1778 sugjiciot
1074 1712 1098 1772 g
1113 1698 1246 1761 tantuin,
1261 1702 1366 1753 esraa
1381 1711 1450 1754 vero
1458 1711 1550 1767 ipsum
1559 1696 1633 1752 aare
1640 1695 1818 1765 concedunt,
1829 1711 1897 1753 cum
1906 1699 1935 1754 ot

229 1767 416 1823 uoluntatem.
433 1766 517 1821 Vides
531 1765 646 1820 initium
657 1772 881 1837 aeprogressum
890 1781 1005 1833 erroris,
1022 1767 1057 1823 ad
1112 1768 1165 1823 iilo
1177 1770 1374 1838 impetrantur
1380 1767 1594 1835 credentistitte.
1603 1766 1637 1820 Et
1651 1781 1718 1821 mos
1728 1783 1736 1819 z
1747 1767 1824 1823 Haec
1830 1782 1935 1839 crpore

228 1841 339 1893 metam
351 1852 440 1919 usquc
454 1836 589 1892 barathro
600 1841 629 1892 et
643 1839 779 1909 voragine
792 1838 967 1894 conclusam.
1111 1838 1171 1895 lieo
1185 1840 1265 1895 dona
1276 1845 1353 1906 sunt,
1366 1838 1395 1892 id
1408 1844 1458 1903 est,
1470 1844 1503 1893 ut
1516 1840 1551 1893 ds
1561 1837 1630 1895 aliis
1644 1843 1769 1904 taceam,
1793 1841 1934 1909 sopiatis

263 1910 290 1964 Ἰ.
306 1907 420 1965 Similia
434 1906 558 1963 Hilarius
572 1907 654 1963 initio
663 1908 792 1991 epistolas
802 1908 839 1964 ad
853 1907 1054 2035 Augustinum,
1110 1914 1136 1964 et
1148 1909 1338 1967 continentia.
1353 1909 1547 1981 Acuuiescuut
1561 1916 1589 1966 et
1610 1907 1669 1973 isti,
1697 1907 1930 1983 semipelagiani.

225 1980 340 2037 brevius
358 1979 475 2053 quidem
490 1979 702 2051 quoaderrons
716 1979 867 2052 originem,
916 1979 1057 2035 istinctius
1110 1980 1211 2054 Nepae
1222 1981 1300 2037 enim
1315 1981 1551 2051 Pelagiauisunt
1567 1984 1599 2035 ut
1614 1978 1934 2054 mansuetorum

227 2055 327 2108 tamen
342 2051 438 2133 quoad
447 2067 498 2123 pro
519 2067 628 2107 ressnm
645 2055 674 2106 ct
691 2050 772 2106 varia
785 2051 924 2124 adjuncta
933 2050 1051 2106 erroris.
1108 2051 1226 2121 picuam
1241 2050 1388 2108 ceritatem
1396 2053 1475 2108 dura
1490 2058 1516 2108 et
1528 2050 1868 2121 tereticamruersimu
1877 2068 1933 2109 coa·

227 2125 333 2188 Aiunt,
349 2123 483 2193 inquitde
519 2121 724 2190 emiliensibus,
741 2122 1057 2178 nouumetinutiteesse
1109 2122 1388 2188 teudorosenam,
1404 2123 1546 2195 inquinat,
1561 2122 1699 2179 utoDeo
1712 2122 1826 2178 dentur
1845 2125 1930 2191 notu,

227 2191 1057 2266 predicationis,puouquidemseounaumpropnuumeripi
1107 2193 1181 2262 tides
1200 2192 1348 2263 impetrat,
1365 2208 1430 2266 puae
1442 2193 1542 2264 incipit
1556 2209 1574 2247 a
1588 2191 1680 2247 nobis.
1694 2192 1791 2260 Quam
1807 2195 1894 2251 tidem
1911 2204 1931 2252 et

228 2265 373 2333 dicantur,
387 2269 420 2318 ut
434 2263 467 2316 iot
480 2260 597 2333 nacae
608 2264 742 2331 arripere
752 2263 867 2319 ualeant
883 2277 934 2318 nec
949 2270 1053 2328 tencre,
1110 2264 1243 2332 incipere
1263 2263 1380 2332 tabere,
1408 2269 1435 2320 et
1459 2267 1491 2319 in
1505 2279 1541 2321 eo
1555 2265 1691 2346 usquein
1706 2263 1798 2332 finon
1823 2280 1932 2335 preme

228 2331 1055 2402 nistcrcdeudivoiuntatectouatadicctuaiputantomnmo
1109 2348 1188 2399 nere,
1201 2334 1394 2406 rampuamid
1410 2349 1499 2391 nouo
1520 2336 1641 2390 domino
1661 2334 1853 2403 incipiamus,
1875 2352 1930 2393 uos·

225 2402 874 2479 praedr'cundioigorem,sinititpuodpereum
881 2407 1054 2460 muiteturm
1108 2410 1186 2461 trum
1200 2418 1259 2461 esse
1275 2405 1465 2461 contendunt.
1482 2405 1566 2461 Vides
1579 2405 1609 2461 in
1621 2406 1823 2475 quastandem
1839 2424 1932 2482 angue

228 2473 395 2533 nominituo
401 2472 892 2531 remansissedicutur.Gonscntiuut
898 2489 1004 2531 omnem
1010 2474 1055 2528 lio·
1107 2475 1163 2530 ties
1176 2475 1344 2531 devenerint
1355 2475 1588 2557 semipelagiani,
1602 2476 1693 2532 coacti
1707 2476 1804 2532 solnm
1812 2477 1932 2535 lideiini·

226 2548 337 2603 minem
353 2560 384 2601 m
399 2546 497 2602 Adam
509 2544 685 2627 perissemus
698 2545 767 2601 iude
779 2560 952 2618 quemquam
972 2561 1056 2615 posse
1107 2546 1190 2611 dum,
1207 2550 1236 2602 et
1250 2550 1489 2617 perseverantiam
1511 2547 1539 2603 in
1555 2563 1590 2604 ea
1612 2547 1696 2603 nude
1722 2547 1867 2605 voluntati
1890 2551 1932 2606 tri·

226 2616 482 2689 proprioariitrio
493 2614 724 2687 libcrari;sedid
735 2616 909 2673 couveniens
918 2622 1054 2674 asserunt
1108 2617 1214 2683 buere3
1228 2632 1318 2689 coque
1331 2617 1539 2690 confugientes,
1554 2623 1586 2674 ut
1595 2618 1685 2674 Deum
1696 2616 1771 2685 labe,
1787 2619 1931 2677 hominem

227 2691 358 2754 ueritati,
370 2689 580 2760 oeteonpruum
584 2686 799 2759 predicationi,
815 2694 847 2743 ut
860 2695 1054 2758 cumprostra·
1108 2690 1277 2744 necessitate
1291 2688 1320 2743 in
1331 2688 1431 2744 salutis
1446 2689 1560 2760 negotio
1574 2688 1744 2745 eximerent.

227 2761 262 2815 tis
271 2766 298 2817 et
312 2774 471 2832 numquam
479 2760 539 2815 suis
554 2759 667 2815 uiribus
676 2758 1055 2816 sumecturisannuutrotur
1143 2761 1197 2815 Sed
1213 2759 1338 2815 intutum
1350 2759 1434 2831 plane
1445 2759 1532 2816 luisse
1539 2759 1701 2831 perfugium
1711 2760 1794 2825 illud,
1807 2761 1931 2818 clamant

224 2832 388 2889 obtinentin
399 2833 505 2887 solutu
520 2832 645 2900 occasio,
660 2845 692 2886 eo
711 2829 813 2887 merito
831 2845 885 2901 quo
904 2832 1053 2888 voluerint
1107 2828 1930 2912 ScripturaeinlinitiesquoadperseverantiamNonminus

224 2910 252 2960 et
263 2902 441 2958 crediderint
452 2917 472 2957 a
481 2916 532 2956 suo
546 2899 643 2957 morio
657 2916 686 2957 se
696 2915 779 2970 posse
791 2903 902 2967 sanari,
920 2909 947 2958 et
960 2903 1052 2970 ipsius
1106 2901 1176 2957 item
1192 2901 1337 2958 luculenta
1348 2918 1401 2983 pro
1413 2902 1479 2957 fidei
1507 2902 1589 2957 mitio
1610 2917 1644 2958 ex
1668 2904 1930 2973 supemnturalibus

223 2973 295 3042 fidei
303 2978 499 3042 uupmentum,
515 2979 541 3026 et
555 2978 630 3028 totus
640 2974 773 3027 sanitatis
784 2986 846 3027 sum
857 2978 1053 3043 consequatur
1106 2976 1220 3028 tantum
1244 2975 1381 3044 suppetiis
1408 2972 1594 3044 concipiendo
1620 2980 1732 3028 exstant
1757 2974 1928 3039 testimonie,

224 3042 352 3112 effectus.
369 3043 512 3097 Caeterum
526 3040 683 3097 adnutium
694 3044 828 3111 optundet
841 3043 1049 3112 incipiendum,
1067 3071 1089 3131 0
1105 3060 1194 3115 quam
1207 3060 1257 3115 pro
1274 3043 1355 3099 initio
1376 3044 1553 3116 reliquorum
1579 3045 1844 3125 supernaturalium
1868 3063 1927 3119 ope·

225 3112 326 3168 nedum
335 3112 540 3180 deficiendum,
556 3127 730 3193 quemquam
744 3114 948 3182 sufficeresiti
969 3130 1052 3185 posse
1105 3131 1181 3179 rum,
1199 3120 1230 3170 ut
1243 3116 1337 3171 videre
1349 3116 1432 3171 estin
1446 3118 1533 3188 longa
1554 3117 1584 3171 et
1613 3114 1715 3186 insigni
1740 3115 1785 3171 dis
1807 3118 1928 3173 ulatione

224 3182 778 3253 consentiuntltlepueenimataouioperi
785 3184 939 3239 curationis
946 3199 1049 3255 aarum,
1106 3201 1194 3255 quam
1209 3185 1363 3241 instituunt
1376 3187 1404 3241 S.
1416 3188 1590 3258 Augustinus
1599 3185 1647 3241 lib.
1662 3187 1697 3242 de
1711 3186 1773 3243 Pras
1795 3193 1848 3244 est.
1869 3190 1925 3253 SS..

224 3253 484 3311 annumerandum
490 3254 899 3323 putanteoterritaetsupptici
906 3255 1051 3311 uoluntate
1105 3260 1135 3312 et
1148 3256 1298 3328 insigniter
1310 3272 1398 3314 serm.
1414 3258 1446 3313 lo
1464 3259 1499 3313 de
1514 3256 1614 3313 Verbis
1627 3257 1766 3328 Apostoli,
1785 3260 1925 3330 Prosperl.

223 3323 793 3397 unumquemqueeprotumoetiesonori.
810 3323 889 3388 Quod
898 3325 973 3382 enim
982 3324 1052 3381 dici·
1105 3326 1442 3398 ostentamenta,
1464 3332 1493 3384 et
1515 3328 1645 3400 Fulgent.
1674 3328 1723 3383 lib.
1750 3344 1760 3384 ι
1786 3331 1823 3385 de
1847 3331 1925 3386 verit

224 3403 281 3463 tur,
291 3397 373 3453 crede
387 3404 414 3453 et
423 3397 522 3453 saluus
535 3395 707 3451 erissunum
715 3394 1048 3465 torumeuigiosserunt,
1108 3397 1254 3463 Praedest.‚
1270 3399 1433 3469 ntprobent
1455 3399 1540 3456 fidem
1566 3415 1629 3455 esse
1654 3401 1763 3454 donum
1787 3399 1849 3456 Dei.
1875 3403 1926 3458 lter

223 3464 711 3537 aliudofferriutpropteridpuod
724 3466 1050 3545 eripitur,siredctitum
1105 3471 1220 3523 tantum
1231 3469 1302 3536 fidei
1312 3470 1549 3540 supptementum,
1558 3474 1590 3525 ut
1601 3471 1925 3542 uAugustinuseoliuro

224 3541 314 3596 tuerit
325 3540 355 3593 in
367 3538 447 3609 quod
460 3538 584 3608 offertur
594 3536 728 3608 deinceps
741 3536 898 3592 tribuatur.
914 3537 949 3592 ut
962 3552 1049 3593 mor:
1105 3555 1129 3594 c.
1142 3538 1303 3610 iloquitun
1319 3540 1370 3595 sed
1381 3540 1549 3610 etiamtiam
1571 3548 1704 3612 ceptum,
1722 3541 1757 3598 de
1807 3559 1844 3597 uo
1871 3543 1925 3598 solo

222 3606 1051 3681 Nonputantnegaripratiomuiprrecederedicaturtatis
1105 3610 1782 3693 semipelagianiibiimpugnatirelragsbantur.
1816 3618 1925 3685 tanam·

223 3682 360 3736 uoluntas
372 3694 436 3751 quoe
451 3686 568 3737 tautum
583 3677 722 3734 medicum
735 3686 861 3750 quaerat,
877 3695 936 3735 non
952 3686 1050 3737 autem
1104 3680 1146 3736 ris
1160 3681 1312 3737 consilium
1331 3684 1536 3739 Arausreanum
1554 3684 1633 3754 quod
1651 3683 1925 3757 semipelagianismi

222 3749 382 3823 quidquam
395 3751 458 3821 ipsa
466 3753 532 3821 jam
544 3750 651 3806 ualeat.
666 3749 746 3807 Nam
761 3749 815 3806 itia
828 3749 1001 3821 testimonio,
1019 3758 1050 3807 ut
1104 3751 1190 3808 lmces
1203 3751 1328 3818 siccavit,
1342 3754 1470 3820 damnet,
1485 3770 1543 3810 non
1558 3771 1606 3810 eos
1621 3759 1735 3810 tantum
1747 3755 1798 3826 qui
1808 3755 1924 3812 tideiini·

222 3821 360 3888 estittart,
370 3822 609 3892 sicutunicntque
617 3821 1049 3892 partitusestmeusuramfidei,
1104 3822 1176 3878 tium
1192 3823 1245 3878 sibi
1260 3825 1444 3896 arrogabant,
1458 3827 1508 3881 scd
1522 3825 1612 3881 ctiam
1626 3826 1738 3897 eosqui
1760 3831 1923 3883 eaeteromm

222 3891 973 3964 adidvoiuntuatere,utudjuucturquicoeperituettc,
989 3908 1050 3950 non
1104 3893 1246 3950 bonorum
1256 3895 1375 3951 exordia
1388 3896 1491 3951 eodem
1504 3898 1591 3952 modo
1605 3896 1925 3955 vindicabuntnudoar

222 3963 1051 4036 utetmmuonemrurretu-reperisautumnoauupart-
1104 3965 1190 4020 bitrio
1202 3969 1231 4022 et
1241 3970 1351 4023 naturas
1365 3967 1490 4034 viribus;
1505 3972 1603 4023 tamen
1624 3968 1678 4024 hoc
1703 3984 1761 4023 non
1789 3985 1824 4024 eo
1884 3969 1923 4025 rti-

223 4041 343 4109 terreis,
356 4047 381 4093 et
395 4036 562 4108 quipossint
572 4034 877 4101 simititertiier·ari,si
890 4050 1049 4107 eupuapa·
1104 4040 1162 4103 net,
1179 4036 1260 4107 quasi
1275 4037 1498 4110 Semipelsgiani
1511 4038 1552 4095 ita
1563 4037 1758 4122 philosophati
1768 4039 1829 4096 sint
1841 3986 1924 4096 (feam.

221 4107 1050 4183 riterindipuispraestaturcredendiootuntas,etiamipsis
1100 4107 1191 4180 jusvis
1206 4109 1385 4164 exuaiidcm
1407 4111 1491 4165 bonis
1518 4110 1639 4166 actionis
1667 4110 1760 4178 initio,
1790 4112 1842 4167 sed
1868 4128 1923 4168 oum

221 4179 354 4235 ausititer
367 4187 569 4249 prustaretur.
584 4179 619 4232 Si
631 4185 740 4242 auteur,
757 4179 853 4242 aiunt,
869 4178 990 4234 dicotur
1002 4193 1051 4233 uo-
1103 4178 1241 4250 principio
1257 4179 1298 4234 ita
1312 4179 1477 4246 sensissent,
1494 4196 1529 4237 ne
1556 4198 1614 4252 qua
1641 4187 1805 4252 superesset
1829 4183 1924 4240 erroris

223 4248 1050 4317 luutotemarreptoarremunsissepucoeicontemnerepuis
1103 4249 1237 4315 scintilla,
1254 4249 1437 4332 idquoquere
1459 4251 1844 4324 rotaritouamquamcum
1864 4254 1924 4310 tides

221 4319 952 4385 uatemmetodedire,decompcnmopatutrationem
963 4318 1049 4374 reddi
1104 4320 1141 4375 sit
1155 4321 1248 4403 prima
1261 4321 1344 4377 radis
1357 4338 1386 4377 m
1401 4268 1502 4377 safirtis
1517 4324 1640 4405 negotio,
1648 4323 1741 4395 sitque
1751 4324 1787 4381 dc
1800 4326 1924 4382 eamulto

222 4391 382 4444 electorum
394 4389 628 4457 vetrcjectorum,
638 4388 668 4441 in
677 4387 955 4466 eopuuduniouspue
965 4391 1047 4445 meri·
1103 4396 1198 4461 potior
1209 4392 1283 4447 ratio
1295 4409 1383 4475 quam
1400 4393 1436 4449 de
1455 4395 1692 4465 subsequentibus
1706 4395 1829 4461 actilms,
1848 4414 1880 4452 ac
1891 4397 1924 4451 sis

221 4464 284 4513 tum
297 4456 1047 4539 propriaeootuutatisadpfflungaturltursusqueinira:
1066 4438 1226 4518 ”evictum
1243 4463 1330 4519 inerit
1343 4463 1457 4520 initium
1472 4466 1535 4537 ejus
1550 4482 1567 4522 a
1581 4467 1639 4521 Deo
1651 4481 1722 4531 esse,
1732 4468 1768 4521 de
1784 4467 1923 4540 aliisque

223 4530 307 4596 Quoct
317 4526 497 4608 autemdicit
509 4534 653 4607 sanctitas
663 4535 1050 4602 tuanemcnemperseucrarc
1103 4549 1158 4604 que
1170 4535 1303 4590 omnibus
1317 4536 1409 4591 multo
1423 4536 1527 4608 potiori
1535 4538 1601 4610 Jure
1615 4536 1692 4593 idem
1706 4537 1834 4594 evictum
1844 4538 1923 4594 videti

221 4600 604 4669 nisiperseueronasusrtute
612 4603 1046 4672 percepturacmusacoipirur,
1103 4605 1222 4670 debeat3
1238 4605 1346 4660 mirum
1358 4622 1416 4662 non
1432 4613 1516 4673 esset,
1532 4608 1645 4663 etiamsi
1660 4608 1867 4666 admitteretur
1880 4611 1923 4665 Se

221 4667 1047 4745 utquibusdutcu,inertiticetpraecesientitameuproprio
1103 4673 1466 4757 mipelsgianosineodcm
1481 4694 1596 4750 semper
1622 4694 1720 4735 errore
1746 4680 1782 4737 de
1805 4680 1924 4754 cujusvis

221 4741 349 4799 ardinio
365 4741 675 4812 tribuatur:quodad
684 4739 852 4798 lactantum
861 4743 987 4800 liberum
1001 4760 1048 4800 as-
1102 4745 1196 4816 operis
1208 4745 1291 4803 initio
1304 4749 1470 4819 perstitisse,
1488 4750 1588 4805 divum
1613 4754 1713 4807 tamen
1737 4752 1923 4824 Augustinum

220 4811 1048 4879 sarnuntoeturetentucanitiercmeaicinamdaeumm
1102 4815 1261 4873 incubuisse
1280 4820 1440 4890 presertim
1450 4820 1479 4876 in
1490 4837 1555 4877 eam
1565 4822 1923 4888 curamntaemonstrsru

220 4894 245 4943 et
257 4886 336 4969 ipsos
347 4883 515 4943 abominari
529 4899 560 4940 se
573 4887 600 4940 et
614 4884 758 4939 damnare
769 4888 925 4963 testantur,
941 4887 1047 4959 siquis
1101 4886 1167 4942 lidei
1177 4887 1292 4944 initium
1307 4906 1325 4946 a
1340 4893 1397 4948 lieo
1412 4908 1485 4957 esse,
1500 4908 1559 4948 non
1574 4897 1705 4949 autem
1733 4895 1815 4951 nudo
1841 4896 1921 4951 libem

220 4960 380 5034 quidquem
392 4957 497 5012 uirium
508 4956 540 5011 in
554 4955 653 5026 atiquo
667 4969 839 5011 remansisse
850 4955 944 5027 quoad
966 4959 1045 5014 sani·
1100 4958 1230 5015 arbitrio.

221 5038 310 5089 tatem
320 5028 461 5103 progredi
470 5028 565 5096 possit
576 5025 738 5108 existimet.¹
752 5024 865 5082 Nolunt
886 5034 983 5083 autem
1002 5030 1047 5086 ita
1135 5032 1161 5087 9.
1179 5030 1250 5086 Cum
1261 5036 1358 5088 autem
1374 5032 1503 5104 ejusdem
1514 5034 1546 5090 l).
1562 5034 1713 5107 Augustini
1725 5037 1922 5093 testificatione

220 5101 299 5160 tuuc
315 5102 564 5179 perseuerantiam
576 5098 748 5179 predicari,
759 5103 792 5177 “ss
803 5112 860 5154 non
874 5099 921 5154 oet
934 5100 1047 5170 suppli·
1100 5100 1149 5156 lib.
1163 5104 1199 5158 de
1212 5103 1350 5159 Prmdcst.
1367 5105 1416 5161 SS.
1433 5121 1457 5160 c.
1473 5106 1501 5160 i.
1514 5109 1692 5178 compertum
1705 5107 1743 5162 sit
1771 5107 1921 5180 Semipets·

219 5175 294 5230 citer
302 5173 430 5238 emereri,
447 5169 492 5227 vei
503 5176 602 5227 amitti
615 5170 1047 5251 contumaciterpossit.Necad
1098 5172 1200 5243 gianos
1213 5190 1271 5228 non
1285 5174 1408 5246 potuisse
1427 5175 1564 5232 obsistere
1582 5176 1831 5235 manifestissimis
1857 5176 1923 5236 sui-

220 5242 523 5302 incertumuatuntutis
529 5242 579 5298 Dei
585 5241 841 5307 &ducoseootuut
853 5240 1047 5313 uiieinpuan·
1100 5248 1189 5314 pturae
1201 5244 1279 5309 loeis,
1296 5246 1474 5316 quibuslides
1480 5250 1588 5303 donum
1598 5247 1646 5303 liei
1660 5264 1722 5305 esse
1737 5256 1922 5309 monstratur.

220 5320 280 5366 tum
295 5313 648 5381 putant,ubodtinendum
659 5310 698 5365 ccl
710 5312 904 5367 amittendum
927 5314 1045 5369 euidens
1099 5315 1280 5386 perspicuum
1292 5316 1413 5385 videtur,
1427 5333 1474 5374 eos
1490 5318 1606 5375 nomine
1621 5321 1785 5389 initiifidei,
1802 5338 1861 5377 non
1887 5320 1924 5374 in-

220 5389 271 5447 est,
285 5385 543 5456 qualecumquesit
552 5383 668 5438 initiam
678 5382 842 5438 uoluntatis.
856 5383 888 5437 ln
902 5383 1045 5454 praedictis
1099 5385 1440 5444 tellerisseiidemrudem
1452 5390 1923 5456 adhucetmodicam,sednomlne

220 5449 320 5506 Hilarii
335 5454 437 5533 uerbis,
454 5454 619 5533 adplenum
636 5452 740 5508 erroris
755 5454 860 5525 dequo
877 5453 990 5524 egimus
1002 5454 1044 5509 in·
1098 5456 1177 5512 initia
1190 5458 1262 5525 {idei
1276 5458 1522 5515 intellexisseearn
1536 5460 1669 5517 credendi
1685 5458 1922 5520 volitionemfldei

220 5523 1045 5594 trospeotionem,des1dersturluxaliquaquoaddumnem·
1098 5526 1235 5598 praeviam
1251 5546 1339 5611 quam
1357 5530 1508 5586 consilium
1527 5532 1655 5588 Arausio.
1670 5548 1689 5588 n
1715 5550 1781 5589 can.
1807 5536 1825 5589 5
1846 5535 1924 5589 vocal

219 5606 255 5664 pe
268 5598 298 5673 ct
310 5594 404 5674 quoad
418 5593 540 5673 initium
550 5594 621 5648 illud
630 5593 781 5665 puniceum
805 5610 850 5664 ue,
865 5595 942 5666 quod
954 5594 1045 5651 Semi·
1097 5599 1282 5659 credulitatis
1290 5602 1436 5670 affectum,
1451 5608 1604 5676 aperteque
1616 5604 1646 5658 S.
1661 5603 1826 5678 Fulgentius
1845 5605 1864 5660 1.
1891 5603 1923 5658 de

219 5663 374 5734 peliagmm
389 5663 507 5716 arbitrio
522 5677 556 5714 ex
568 5678 598 5718 se
610 5667 773 5733 exspectato
785 5612 1043 5736 gabuntmtqnoad
1096 5669 1316 5726 incanuerit
1335 5672 1468 5729 Christis.
1484 5674 1528 5742 lii,
1540 5670 1923 5747 semipelagianosrelellens

204 5732 340 5807 *opuscul
354 5731 432 5839 guod
445 5731 773 5805 necessariumgratiam
783 5736 1007 5797 meelatebutur.
1097 5739 1365 5803 cumroluntatem
1378 5744 1635 5821 ormentionem
1658 5748 1696 5805 sl)
1721 5747 1840 5808 homine
1862 5758 1922 5806 esce
