<?xml version="1.0" encoding="UTF-8"?>
<!DOCTYPE html PUBLIC "-//W3C//DTD XHTML 1.0 Transitional//EN"
    "http://www.w3.org/TR/xhtml1/DTD/xhtml1-transitional.dtd">
<html xmlns="http://www.w3.org/1999/xhtml" xml:lang="en" lang="en">
 <head>
  <title>
</title>
<meta http-equiv="Content-Type" content="text/html;charset=utf-8" />
  <meta name='ocr-system' content='tesseract 3.04.00' />
  <meta name='ocr-capabilities' content='ocr_page ocr_carea ocr_par ocr_line ocrx_word'/>
</head>
<body>
  <div class='ocr_page' id='page_1' title='image "./patrologiaecurs123migngoog/patrologiaecurs123migngoog_0568.png"; bbox 0 0 4009 6192; ppageno 0'>
   <div class='ocr_carea' id='block_1_1' title="bbox 221 211 1883 331">
    <p class='ocr_par' dir='ltr' id='par_1_1' title="bbox 221 211 1883 331">
     <span class='ocr_line' id='line_1_1' title="bbox 221 211 1883 331; baseline -0.001 -2"><span class='ocrx_word' id='word_1_1' title='bbox 221 263 298 331; x_wconf 89' lang='lat' dir='ltr'><strong>ilsi</strong></span> <span class='ocrx_word' id='word_1_2' title='bbox 416 211 421 228; x_wconf 43' lang='lat'>⁸</span> <span class='ocrx_word' id='word_1_3' title='bbox 600 263 634 329; x_wconf 69' lang='lat' dir='ltr'><strong>ri</strong></span> <span class='ocrx_word' id='word_1_4' title='bbox 656 256 804 326; x_wconf 77' lang='lat' dir='ltr'><strong>milne</strong></span> <span class='ocrx_word' id='word_1_5' title='bbox 825 251 1062 324; x_wconf 72' lang='lat' dir='ltr'><strong>olmeurllio</strong></span> <span class='ocrx_word' id='word_1_6' title='bbox 1082 234 1120 321; x_wconf 84' lang='lat' dir='ltr'><strong>ut</strong></span> <span class='ocrx_word' id='word_1_7' title='bbox 1140 252 1172 321; x_wconf 74' lang='lat' dir='ltr'><strong>s:</strong></span> <span class='ocrx_word' id='word_1_8' title='bbox 1195 237 1347 322; x_wconf 77' lang='lat' dir='ltr'><strong>imisit.</strong></span> <span class='ocrx_word' id='word_1_9' title='bbox 1363 237 1557 322; x_wconf 73' lang='grc' dir='ltr'><strong>-ιιιιιιι</strong></span> <span class='ocrx_word' id='word_1_10' title='bbox 1829 255 1883 331; x_wconf 90' lang='lat' dir='ltr'><strong>llli</strong></span> 
     </span>
    </p>
   </div>
   <div class='ocr_carea' id='block_1_2' title="bbox 218 387 1954 5457">
    <p class='ocr_par' dir='ltr' id='par_1_2' title="bbox 218 387 1954 5457">
     <span class='ocr_line' id='line_1_2' title="bbox 218 387 1888 471; baseline -0.002 -15"><span class='ocrx_word' id='word_1_11' title='bbox 218 397 345 456; x_wconf 89' lang='lat' dir='ltr'><strong>virerum</strong></span> <span class='ocrx_word' id='word_1_12' title='bbox 358 396 506 454; x_wconf 85' lang='lat' dir='ltr'><strong>doctorum</strong></span> <span class='ocrx_word' id='word_1_13' title='bbox 522 393 741 466; x_wconf 73' lang='lat' dir='ltr'><strong>disputationes,</strong></span> <span class='ocrx_word' id='word_1_14' title='bbox 754 408 809 459; x_wconf 90' lang='lat' dir='ltr'><strong>res,</strong></span> <span class='ocrx_word' id='word_1_15' title='bbox 824 407 889 465; x_wconf 84' lang='lat' dir='ltr'><strong>quse</strong></span> <span class='ocrx_word' id='word_1_16' title='bbox 905 396 993 448; x_wconf 86' lang='lat' dir='ltr'><strong>antea</strong></span> <span class='ocrx_word' id='word_1_17' title='bbox 1004 407 1051 448; x_wconf 86' lang='lat' dir='ltr'><strong>re·</strong></span> <span class='ocrx_word' id='word_1_18' title='bbox 1064 398 1088 463; x_wconf 60' lang='lat' dir='ltr'>A</span> <span class='ocrx_word' id='word_1_19' title='bbox 1103 387 1159 461; x_wconf 91' lang='lat' dir='ltr'><strong>ptis</strong></span> <span class='ocrx_word' id='word_1_20' title='bbox 1179 405 1245 461; x_wconf 86' lang='lat' dir='ltr'><strong>quie</strong></span> <span class='ocrx_word' id='word_1_21' title='bbox 1268 388 1417 446; x_wconf 90' lang='lat' dir='ltr'><strong>interitum</strong></span> <span class='ocrx_word' id='word_1_22' title='bbox 1445 392 1609 457; x_wconf 86' lang='lat' dir='ltr'><strong>eraserunt,</strong></span> <span class='ocrx_word' id='word_1_23' title='bbox 1624 390 1698 471; x_wconf 86' lang='lat' dir='ltr'><strong>unde</strong></span> <span class='ocrx_word' id='word_1_24' title='bbox 1718 394 1814 448; x_wconf 74' lang='lat' dir='ltr'><strong>metam</strong></span> <span class='ocrx_word' id='word_1_25' title='bbox 1831 394 1888 453; x_wconf 81' lang='lat' dir='ltr'><strong>iilia</strong></span> 
     </span>
     <span class='ocr_line' id='line_1_3' title="bbox 219 460 1889 539; baseline -0.002 -12"><span class='ocrx_word' id='word_1_26' title='bbox 219 469 272 527; x_wconf 91' lang='lat' dir='ltr'><strong>luti</strong></span> <span class='ocrx_word' id='word_1_27' title='bbox 281 470 452 533; x_wconf 89' lang='lat' dir='ltr'><strong>latebant,in</strong></span> <span class='ocrx_word' id='word_1_28' title='bbox 462 467 590 539; x_wconf 89' lang='lat' dir='ltr'><strong>apricum</strong></span> <span class='ocrx_word' id='word_1_29' title='bbox 602 466 728 521; x_wconf 80' lang='lat' dir='ltr'><strong>deducta</strong></span> <span class='ocrx_word' id='word_1_30' title='bbox 738 469 815 520; x_wconf 87' lang='lat' dir='ltr'><strong>sunt.</strong></span> <span class='ocrx_word' id='word_1_31' title='bbox 825 469 871 524; x_wconf 77' lang='lat' dir='ltr'><strong>At.</strong></span> <span class='ocrx_word' id='word_1_32' title='bbox 884 465 961 534; x_wconf 90' lang='lat' dir='ltr'><strong>quod</strong></span> <span class='ocrx_word' id='word_1_33' title='bbox 973 478 1049 519; x_wconf 92' lang='lat' dir='ltr'><strong>nunc</strong></span> <span class='ocrx_word' id='word_1_34' title='bbox 1103 466 1233 516; x_wconf 81' lang='lat' dir='ltr'><strong>mentem</strong></span> <span class='ocrx_word' id='word_1_35' title='bbox 1247 476 1437 532; x_wconf 74' lang='lat' dir='ltr'><strong>assequamur</strong></span> <span class='ocrx_word' id='word_1_36' title='bbox 1446 460 1476 518; x_wconf 93' lang='lat' dir='ltr'><strong>in</strong></span> <span class='ocrx_word' id='word_1_37' title='bbox 1486 464 1563 518; x_wconf 88' lang='lat' dir='ltr'><strong>eade</strong></span> <span class='ocrx_word' id='word_1_38' title='bbox 1573 477 1745 534; x_wconf 87' lang='lat' dir='ltr'><strong>queaglmus</strong></span> <span class='ocrx_word' id='word_1_39' title='bbox 1755 480 1795 530; x_wconf 89' lang='lat' dir='ltr'><strong>re;</strong></span> <span class='ocrx_word' id='word_1_40' title='bbox 1804 470 1889 524; x_wconf 88' lang='lat' dir='ltr'><strong>etunds</strong></span> 
     </span>
     <span class='ocr_line' id='line_1_4' title="bbox 220 532 1890 619; baseline -0.002 -22"><span class='ocrx_word' id='word_1_41' title='bbox 220 542 328 597; x_wconf 89' lang='lat' dir='ltr'><strong>adrem</strong></span> <span class='ocrx_word' id='word_1_42' title='bbox 343 544 470 596; x_wconf 90' lang='lat' dir='ltr'><strong>nostram</strong></span> <span class='ocrx_word' id='word_1_43' title='bbox 480 540 592 605; x_wconf 87' lang='lat' dir='ltr'><strong>attinet,</strong></span> <span class='ocrx_word' id='word_1_44' title='bbox 602 537 694 619; x_wconf 89' lang='lat' dir='ltr'><strong>placet</strong></span> <span class='ocrx_word' id='word_1_45' title='bbox 703 537 731 591; x_wconf 88' lang='lat' dir='ltr'><strong>in</strong></span> <span class='ocrx_word' id='word_1_46' title='bbox 748 534 847 606; x_wconf 89' lang='lat' dir='ltr'><strong>primis</strong></span> <span class='ocrx_word' id='word_1_47' title='bbox 862 534 1049 591; x_wconf 77' lang='lat' dir='ltr'><strong>eruditissimi</strong></span> <span class='ocrx_word' id='word_1_48' title='bbox 1104 547 1172 588; x_wconf 85' lang='lat' dir='ltr'><strong>rere</strong></span> <span class='ocrx_word' id='word_1_49' title='bbox 1183 532 1419 603; x_wconf 74' lang='lat' dir='ltr'><strong>interpretatione</strong></span> <span class='ocrx_word' id='word_1_50' title='bbox 1430 534 1709 607; x_wconf 84' lang='lat' dir='ltr'><strong>donemusambigua</strong></span> <span class='ocrx_word' id='word_1_51' title='bbox 1718 551 1778 605; x_wconf 85' lang='lat' dir='ltr'><strong>quas</strong></span> <span class='ocrx_word' id='word_1_52' title='bbox 1789 539 1890 594; x_wconf 84' lang='lat' dir='ltr'><strong>liabetut</strong></span> 
     </span>
     <span class='ocr_line' id='line_1_5' title="bbox 220 603 1890 679; baseline -0.002 -11"><span class='ocrx_word' id='word_1_53' title='bbox 220 612 273 668; x_wconf 82' lang='lat' dir='ltr'><strong>siri</strong></span> <span class='ocrx_word' id='word_1_54' title='bbox 287 611 385 667; x_wconf 81' lang='lat' dir='ltr'><strong>iacobi</strong></span> <span class='ocrx_word' id='word_1_55' title='bbox 400 610 474 665; x_wconf 85' lang='lat' dir='ltr'><strong>Billii</strong></span> <span class='ocrx_word' id='word_1_56' title='bbox 490 613 632 664; x_wconf 88' lang='lat' dir='ltr'><strong>sententis</strong></span> <span class='ocrx_word' id='word_1_57' title='bbox 648 607 676 663; x_wconf 90' lang='lat' dir='ltr'><strong>in</strong></span> <span class='ocrx_word' id='word_1_58' title='bbox 694 607 815 663; x_wconf 80' lang='lat' dir='ltr'><strong>scholiis</strong></span> <span class='ocrx_word' id='word_1_59' title='bbox 833 608 871 663; x_wconf 90' lang='lat' dir='ltr'><strong>ad</strong></span> <span class='ocrx_word' id='word_1_60' title='bbox 891 607 1048 678; x_wconf 89' lang='lat' dir='ltr'><strong>supracita·</strong></span> <span class='ocrx_word' id='word_1_61' title='bbox 1103 605 1230 675; x_wconf 81' lang='lat' dir='ltr'><strong>tapsum,</strong></span> <span class='ocrx_word' id='word_1_62' title='bbox 1246 603 1339 674; x_wconf 90' lang='lat' dir='ltr'><strong>capite</strong></span> <span class='ocrx_word' id='word_1_63' title='bbox 1351 605 1377 675; x_wconf 89' lang='grc'><strong>8,</strong></span> <span class='ocrx_word' id='word_1_64' title='bbox 1390 605 1536 677; x_wconf 79' lang='lat' dir='ltr'><strong>exquibus</strong></span> <span class='ocrx_word' id='word_1_65' title='bbox 1548 606 1659 661; x_wconf 88' lang='lat' dir='ltr'><strong>medius</strong></span> <span class='ocrx_word' id='word_1_66' title='bbox 1673 606 1718 660; x_wconf 86' lang='lat' dir='ltr'><strong>ille</strong></span> <span class='ocrx_word' id='word_1_67' title='bbox 1729 612 1810 661; x_wconf 79' lang='lat' dir='ltr'><strong>salus</strong></span> <span class='ocrx_word' id='word_1_68' title='bbox 1819 610 1890 679; x_wconf 87' lang='lat' dir='ltr'><strong>prins</strong></span> 
     </span>
     <span class='ocr_line' id='line_1_6' title="bbox 220 673 1890 804; baseline -0.008 -66"><span class='ocrx_word' id='word_1_69' title='bbox 220 688 281 738; x_wconf 87' lang='lat' dir='ltr'><strong>tam</strong></span> <span class='ocrx_word' id='word_1_70' title='bbox 296 682 457 738; x_wconf 88' lang='lat' dir='ltr'><strong>orationem</strong></span> <span class='ocrx_word' id='word_1_71' title='bbox 481 679 649 751; x_wconf 87' lang='lat' dir='ltr'><strong>vigesimam</strong></span> <span class='ocrx_word' id='word_1_72' title='bbox 665 683 775 734; x_wconf 86' lang='lat' dir='ltr'><strong>sextam</strong></span> <span class='ocrx_word' id='word_1_73' title='bbox 791 677 916 804; x_wconf 52' lang='lat' dir='ltr'><strong>Gregorii</strong></span> <span class='ocrx_word' id='word_1_74' title='bbox 930 678 1049 734; x_wconf 88' lang='lat' dir='ltr'><strong>Nazian-</strong></span> <span class='ocrx_word' id='word_1_75' title='bbox 1104 673 1198 729; x_wconf 82' lang='lat' dir='ltr'><strong>leonte</strong></span> <span class='ocrx_word' id='word_1_76' title='bbox 1212 681 1340 746; x_wconf 87' lang='lat' dir='ltr'><strong>apparet,</strong></span> <span class='ocrx_word' id='word_1_77' title='bbox 1353 675 1402 747; x_wconf 89' lang='lat' dir='ltr'><strong>qui</strong></span> <span class='ocrx_word' id='word_1_78' title='bbox 1415 692 1506 747; x_wconf 85' lang='lat' dir='ltr'><strong>neque</strong></span> <span class='ocrx_word' id='word_1_79' title='bbox 1514 677 1551 731; x_wconf 91' lang='lat' dir='ltr'><strong>sit</strong></span> <span class='ocrx_word' id='word_1_80' title='bbox 1561 677 1660 746; x_wconf 81' lang='lat' dir='ltr'><strong>gloriis</strong></span> <span class='ocrx_word' id='word_1_81' title='bbox 1673 683 1759 755; x_wconf 84' lang='lat' dir='ltr'><strong>status</strong></span> <span class='ocrx_word' id='word_1_82' title='bbox 1766 694 1842 749; x_wconf 90' lang='lat' dir='ltr'><strong>neque</strong></span> <span class='ocrx_word' id='word_1_83' title='bbox 1849 697 1890 751; x_wconf 66' lang='lat' dir='ltr'><strong>pu.</strong></span> 
     </span>
     <span class='ocr_line' id='line_1_7' title="bbox 220 747 1890 823; baseline -0.002 -13"><span class='ocrx_word' id='word_1_84' title='bbox 220 754 292 819; x_wconf 84' lang='lat' dir='ltr'><strong>zeni,</strong></span> <span class='ocrx_word' id='word_1_85' title='bbox 312 752 359 808; x_wconf 93' lang='lat' dir='ltr'><strong>ubi</strong></span> <span class='ocrx_word' id='word_1_86' title='bbox 374 752 503 823; x_wconf 89' lang='lat' dir='ltr'><strong>ejusdem</strong></span> <span class='ocrx_word' id='word_1_87' title='bbox 518 751 625 807; x_wconf 83' lang='lat' dir='ltr'><strong>ibidem</strong></span> <span class='ocrx_word' id='word_1_88' title='bbox 641 765 726 805; x_wconf 86' lang='lat' dir='ltr'><strong>seusa</strong></span> <span class='ocrx_word' id='word_1_89' title='bbox 747 766 836 820; x_wconf 88' lang='lat' dir='ltr'><strong>cxpen</strong></span> <span class='ocrx_word' id='word_1_90' title='bbox 859 765 919 813; x_wconf 92' lang='lat' dir='ltr'><strong>ens,</strong></span> <span class='ocrx_word' id='word_1_91' title='bbox 936 763 1047 804; x_wconf 82' lang='lat' dir='ltr'><strong>necnon</strong></span> <span class='ocrx_word' id='word_1_92' title='bbox 1103 761 1158 810; x_wconf 79' lang='lat' dir='ltr'><strong>nee,</strong></span> <span class='ocrx_word' id='word_1_93' title='bbox 1176 747 1226 800; x_wconf 87' lang='lat' dir='ltr'><strong>sed</strong></span> <span class='ocrx_word' id='word_1_94' title='bbox 1239 761 1328 816; x_wconf 76' lang='lat' dir='ltr'><strong>pariae</strong></span> <span class='ocrx_word' id='word_1_95' title='bbox 1343 751 1456 802; x_wconf 83' lang='lat' dir='ltr'><strong>tantum</strong></span> <span class='ocrx_word' id='word_1_96' title='bbox 1469 753 1586 803; x_wconf 73' lang='lat' dir='ltr'><strong>anemio.</strong></span> <span class='ocrx_word' id='word_1_97' title='bbox 1608 748 1641 801; x_wconf 92' lang='lat' dir='ltr'><strong>ln</strong></span> <span class='ocrx_word' id='word_1_98' title='bbox 1660 763 1780 818; x_wconf 85' lang='lat' dir='ltr'><strong>superios</strong></span> <span class='ocrx_word' id='word_1_99' title='bbox 1794 765 1890 821; x_wconf 88' lang='lat' dir='ltr'><strong>namque</strong></span> 
     </span>
     <span class='ocr_line' id='line_1_8' title="bbox 220 816 1889 893; baseline -0.002 -13"><span class='ocrx_word' id='word_1_100' title='bbox 220 829 249 881; x_wconf 86' lang='lat' dir='ltr'><strong>et</strong></span> <span class='ocrx_word' id='word_1_101' title='bbox 261 824 318 878; x_wconf 90' lang='lat' dir='ltr'><strong>alia</strong></span> <span class='ocrx_word' id='word_1_102' title='bbox 332 822 470 877; x_wconf 88' lang='lat' dir='ltr'><strong>orationis</strong></span> <span class='ocrx_word' id='word_1_103' title='bbox 483 821 711 893; x_wconf 80' lang='lat' dir='ltr'><strong>quadragesimae</strong></span> <span class='ocrx_word' id='word_1_104' title='bbox 729 825 813 891; x_wconf 91' lang='lat' dir='ltr'><strong>prout</strong></span> <span class='ocrx_word' id='word_1_105' title='bbox 827 836 923 891; x_wconf 83' lang='lat' dir='ltr'><strong>supra,</strong></span> <span class='ocrx_word' id='word_1_106' title='bbox 940 836 1048 891; x_wconf 91' lang='lat' dir='ltr'><strong>prorius</strong></span> <span class='ocrx_word' id='word_1_107' title='bbox 1103 816 1237 888; x_wconf 83' lang='lat' dir='ltr'><strong>expensis</strong></span> <span class='ocrx_word' id='word_1_108' title='bbox 1252 817 1344 871; x_wconf 88' lang='lat' dir='ltr'><strong>verbis</strong></span> <span class='ocrx_word' id='word_1_109' title='bbox 1358 818 1704 890; x_wconf 72' lang='lat' dir='ltr'><strong>dcptoeatwnisdpiebeli&#39;,</strong></span> <span class='ocrx_word' id='word_1_110' title='bbox 1713 827 1797 889; x_wconf 84' lang='lat' dir='ltr'><strong>eapite</strong></span> <span class='ocrx_word' id='word_1_111' title='bbox 1811 823 1845 888; x_wconf 78' lang='lat' dir='ltr'><strong>li,</strong></span> <span class='ocrx_word' id='word_1_112' title='bbox 1856 825 1889 877; x_wconf 88' lang='lat' dir='ltr'><strong>ubi</strong></span> 
     </span>
     <span class='ocr_line' id='line_1_9' title="bbox 221 887 1888 966; baseline -0.004 -15"><span class='ocrx_word' id='word_1_113' title='bbox 221 898 265 951; x_wconf 84' lang='lat' dir='ltr'><strong>est</strong></span> <span class='ocrx_word' id='word_1_114' title='bbox 280 899 311 949; x_wconf 91' lang='lat' dir='ltr'><strong>ut</strong></span> <span class='ocrx_word' id='word_1_115' title='bbox 321 892 464 950; x_wconf 87' lang='lat' dir='ltr'><strong>existimet</strong></span> <span class='ocrx_word' id='word_1_116' title='bbox 478 898 611 948; x_wconf 90' lang='lat' dir='ltr'><strong>sanctum</strong></span> <span class='ocrx_word' id='word_1_117' title='bbox 623 890 1048 963; x_wconf 85' lang='lat' dir='ltr'><strong>doctorem,nequaquamselis-</strong></span> <span class='ocrx_word' id='word_1_118' title='bbox 1103 890 1138 944; x_wconf 89' lang='lat' dir='ltr'><strong>de</strong></span> <span class='ocrx_word' id='word_1_119' title='bbox 1153 888 1250 943; x_wconf 87' lang='lat' dir='ltr'><strong>lutare</strong></span> <span class='ocrx_word' id='word_1_120' title='bbox 1266 887 1419 944; x_wconf 86' lang='lat' dir='ltr'><strong>universati</strong></span> <span class='ocrx_word' id='word_1_121' title='bbox 1434 889 1539 960; x_wconf 83' lang='lat' dir='ltr'><strong>judicio</strong></span> <span class='ocrx_word' id='word_1_122' title='bbox 1554 891 1680 961; x_wconf 88' lang='lat' dir='ltr'><strong>loquitur</strong></span> <span class='ocrx_word' id='word_1_123' title='bbox 1693 908 1701 945; x_wconf 87' lang='lat'>:</span> <span class='ocrx_word' id='word_1_124' title='bbox 1715 911 1729 938; x_wconf 77' lang='lat' dir='ltr'><strong>s</strong></span> <span class='ocrx_word' id='word_1_125' title='bbox 1743 899 1812 944; x_wconf 88' lang='lat' dir='ltr'><strong>&#39;lunc</strong></span> <span class='ocrx_word' id='word_1_126' title='bbox 1822 892 1888 966; x_wconf 64' lang='lat'><strong>204</strong></span> 
     </span>
     <span class='ocr_line' id='line_1_10' title="bbox 221 959 1887 1037; baseline -0.002 -16"><span class='ocrx_word' id='word_1_127' title='bbox 221 974 273 1022; x_wconf 85' lang='lat' dir='ltr'><strong>terti</strong></span> <span class='ocrx_word' id='word_1_128' title='bbox 286 980 336 1020; x_wconf 89' lang='lat' dir='ltr'><strong>seu</strong></span> <span class='ocrx_word' id='word_1_129' title='bbox 352 979 445 1037; x_wconf 83' lang='lat' dir='ltr'><strong>poenie</strong></span> <span class='ocrx_word' id='word_1_130' title='bbox 456 964 625 1019; x_wconf 80' lang='lat' dir='ltr'><strong>vitationem</strong></span> <span class='ocrx_word' id='word_1_131' title='bbox 638 980 655 1018; x_wconf 92' lang='lat' dir='ltr'><strong>a</strong></span> <span class='ocrx_word' id='word_1_132' title='bbox 666 962 774 1018; x_wconf 84' lang='lat' dir='ltr'><strong>coelesti</strong></span> <span class='ocrx_word' id='word_1_133' title='bbox 784 962 877 1034; x_wconf 89' lang='lat' dir='ltr'><strong>gloria</strong></span> <span class='ocrx_word' id='word_1_134' title='bbox 885 976 1043 1034; x_wconf 88' lang='lat' dir='ltr'><strong>separasse,</strong></span> <span class='ocrx_word' id='word_1_135' title='bbox 1099 959 1181 1032; x_wconf 90' lang='lat' dir='ltr'><strong>justi,</strong></span> <span class='ocrx_word' id='word_1_136' title='bbox 1190 959 1887 1031; x_wconf 79' lang='lat' dir='ltr'><strong>inquit,fulgebuntsicutsoliuregnoPatriseorun:</strong></span> 
     </span>
     <span class='ocr_line' id='line_1_11' title="bbox 221 1030 1889 1109; baseline -0.002 -16"><span class='ocrx_word' id='word_1_137' title='bbox 221 1042 307 1109; x_wconf 88' lang='lat' dir='ltr'><strong>atque</strong></span> <span class='ocrx_word' id='word_1_138' title='bbox 319 1036 360 1091; x_wconf 87' lang='lat' dir='ltr'><strong>ita</strong></span> <span class='ocrx_word' id='word_1_139' title='bbox 379 1042 483 1091; x_wconf 89' lang='lat' dir='ltr'><strong>statum</strong></span> <span class='ocrx_word' id='word_1_140' title='bbox 496 1037 652 1106; x_wconf 89' lang='lat' dir='ltr'><strong>quemdam</strong></span> <span class='ocrx_word' id='word_1_141' title='bbox 673 1034 798 1088; x_wconf 89' lang='lat' dir='ltr'><strong>medium</strong></span> <span class='ocrx_word' id='word_1_142' title='bbox 812 1032 1046 1090; x_wconf 88' lang='lat' dir='ltr'><strong>interbcatitudi·</strong></span> <span class='ocrx_word' id='word_1_143' title='bbox 1101 1030 1182 1101; x_wconf 90' lang='lat' dir='ltr'><strong>impii</strong></span> <span class='ocrx_word' id='word_1_144' title='bbox 1198 1045 1264 1085; x_wconf 88' lang='lat' dir='ltr'><strong>iero</strong></span> <span class='ocrx_word' id='word_1_145' title='bbox 1276 1038 1306 1084; x_wconf 90' lang='lat' dir='ltr'><strong>et</strong></span> <span class='ocrx_word' id='word_1_146' title='bbox 1320 1030 1409 1103; x_wconf 91' lang='lat' dir='ltr'><strong>iniqui</strong></span> <span class='ocrx_word' id='word_1_147' title='bbox 1423 1032 1453 1086; x_wconf 91' lang='lat' dir='ltr'><strong>ili</strong></span> <span class='ocrx_word' id='word_1_148' title='bbox 1465 1039 1597 1087; x_wconf 90' lang='lat' dir='ltr'><strong>tenebras</strong></span> <span class='ocrx_word' id='word_1_149' title='bbox 1608 1033 1704 1097; x_wconf 85' lang='lat' dir='ltr'><strong>interi,</strong></span> <span class='ocrx_word' id='word_1_150' title='bbox 1720 1039 1764 1086; x_wconf 88' lang='lat' dir='ltr'><strong>ubl</strong></span> <span class='ocrx_word' id='word_1_151' title='bbox 1776 1035 1889 1089; x_wconf 86' lang='lat' dir='ltr'><strong>erltdetus</strong></span> 
     </span>
     <span class='ocr_line' id='line_1_12' title="bbox 221 1101 1889 1178; baseline -0.001 -15"><span class='ocrx_word' id='word_1_152' title='bbox 221 1124 288 1164; x_wconf 90' lang='lat' dir='ltr'><strong>nem</strong></span> <span class='ocrx_word' id='word_1_153' title='bbox 300 1112 331 1164; x_wconf 89' lang='lat' dir='ltr'><strong>et</strong></span> <span class='ocrx_word' id='word_1_154' title='bbox 344 1106 561 1162; x_wconf 87' lang='lat' dir='ltr'><strong>damnationem</strong></span> <span class='ocrx_word' id='word_1_155' title='bbox 576 1122 626 1178; x_wconf 91' lang='lat' dir='ltr'><strong>pro</strong></span> <span class='ocrx_word' id='word_1_156' title='bbox 633 1105 739 1161; x_wconf 89' lang='lat' dir='ltr'><strong>adultis</strong></span> <span class='ocrx_word' id='word_1_157' title='bbox 748 1105 919 1176; x_wconf 89' lang='lat' dir='ltr'><strong>baptismate</strong></span> <span class='ocrx_word' id='word_1_158' title='bbox 932 1103 1047 1159; x_wconf 89' lang='lat' dir='ltr'><strong>donetis</strong></span> <span class='ocrx_word' id='word_1_159' title='bbox 1100 1101 1544 1158; x_wconf 87' lang='lat' dir='ltr'><strong>oculorumetstridordentium.</strong></span> <span class='ocrx_word' id='word_1_160' title='bbox 1559 1123 1573 1152; x_wconf 80' lang='grc' dir='ltr'><strong>ι</strong></span> <span class='ocrx_word' id='word_1_161' title='bbox 1583 1103 1889 1161; x_wconf 83' lang='lat' dir='ltr'><strong>lluoliicstatusaliloets</strong></span> 
     </span>
     <span class='ocr_line' id='line_1_13' title="bbox 220 1172 1888 1248; baseline -0.003 -13"><span class='ocrx_word' id='word_1_162' title='bbox 220 1178 391 1244; x_wconf 86' lang='lat' dir='ltr'><strong>admisisse;</strong></span> <span class='ocrx_word' id='word_1_163' title='bbox 406 1179 456 1234; x_wconf 90' lang='lat' dir='ltr'><strong>sed</strong></span> <span class='ocrx_word' id='word_1_164' title='bbox 519 1179 574 1232; x_wconf 90' lang='lat' dir='ltr'><strong>tius</strong></span> <span class='ocrx_word' id='word_1_165' title='bbox 602 1176 767 1248; x_wconf 81' lang='lat' dir='ltr'><strong>persolutis</strong></span> <span class='ocrx_word' id='word_1_166' title='bbox 792 1192 891 1231; x_wconf 90' lang='lat' dir='ltr'><strong>vocem</strong></span> <span class='ocrx_word' id='word_1_167' title='bbox 917 1175 1046 1246; x_wconf 90' lang='lat' dir='ltr'><strong>aliosque</strong></span> <span class='ocrx_word' id='word_1_168' title='bbox 1100 1172 1888 1246; x_wconf 66' lang='lat' dir='ltr'><strong>distinguunturp&#39;estoratmior·episol⁴ctris,etnuqaoraiere</strong></span> 
     </span>
     <span class='ocr_line' id='line_1_14' title="bbox 220 1244 1888 1318; baseline -0.004 -11"><span class='ocrx_word' id='word_1_169' title='bbox 220 1250 384 1307; x_wconf 90' lang='lat' dir='ltr'><strong>consimiles</strong></span> <span class='ocrx_word' id='word_1_170' title='bbox 390 1249 472 1305; x_wconf 90' lang='lat' dir='ltr'><strong>dicen</strong></span> <span class='ocrx_word' id='word_1_171' title='bbox 494 1249 503 1303; x_wconf 90' lang='lat' dir='ltr'><strong>i</strong></span> <span class='ocrx_word' id='word_1_172' title='bbox 519 1249 631 1312; x_wconf 90' lang='lat' dir='ltr'><strong>modos,</strong></span> <span class='ocrx_word' id='word_1_173' title='bbox 645 1247 807 1318; x_wconf 83' lang='lat' dir='ltr'><strong>significare</strong></span> <span class='ocrx_word' id='word_1_174' title='bbox 819 1245 941 1302; x_wconf 87' lang='lat' dir='ltr'><strong>voluisse</strong></span> <span class='ocrx_word' id='word_1_175' title='bbox 955 1251 1047 1301; x_wconf 90' lang='lat' dir='ltr'><strong>extre·</strong></span> <span class='ocrx_word' id='word_1_176' title='bbox 1101 1244 1321 1315; x_wconf 75' lang='lat' dir='ltr'><strong>tenebrosiofers.</strong></span> <span class='ocrx_word' id='word_1_177' title='bbox 1335 1244 1550 1316; x_wconf 88' lang='lat' dir='ltr'><strong>Ubinamigitur</strong></span> <span class='ocrx_word' id='word_1_178' title='bbox 1560 1245 1649 1301; x_wconf 89' lang='lat' dir='ltr'><strong>etiam</strong></span> <span class='ocrx_word' id='word_1_179' title='bbox 1657 1246 1888 1317; x_wconf 82' lang='lat' dir='ltr'><strong>bieapuuliioetanl</strong></span> 
     </span>
     <span class='ocr_line' id='line_1_15' title="bbox 220 1314 1890 1391; baseline -0.001 -15"><span class='ocrx_word' id='word_1_180' title='bbox 220 1338 302 1376; x_wconf 89' lang='lat' dir='ltr'><strong>main</strong></span> <span class='ocrx_word' id='word_1_181' title='bbox 317 1320 503 1376; x_wconf 89' lang='lat' dir='ltr'><strong>beatitudiuis</strong></span> <span class='ocrx_word' id='word_1_182' title='bbox 516 1321 637 1391; x_wconf 87' lang='lat' dir='ltr'><strong>gradum</strong></span> <span class='ocrx_word' id='word_1_183' title='bbox 646 1326 731 1390; x_wconf 88' lang='lat' dir='ltr'><strong>atque</strong></span> <span class='ocrx_word' id='word_1_184' title='bbox 742 1316 1004 1372; x_wconf 85' lang='lat' dir='ltr'><strong>intimamcoelestis</strong></span> <span class='ocrx_word' id='word_1_185' title='bbox 1013 1315 1045 1370; x_wconf 88' lang='lat' dir='ltr'><strong>ll·</strong></span> <span class='ocrx_word' id='word_1_186' title='bbox 1100 1316 1201 1369; x_wconf 87' lang='lat' dir='ltr'><strong>tertius</strong></span> <span class='ocrx_word' id='word_1_187' title='bbox 1213 1314 1553 1386; x_wconf 90' lang='lat' dir='ltr'><strong>ille,seumedius‚status</strong></span> <span class='ocrx_word' id='word_1_188' title='bbox 1563 1318 1767 1389; x_wconf 87' lang='lat' dir='ltr'><strong>absquegloris</strong></span> <span class='ocrx_word' id='word_1_189' title='bbox 1777 1323 1890 1388; x_wconf 78' lang='lat' dir='ltr'><strong>stetique</strong></span> 
     </span>
     <span class='ocr_line' id='line_1_16' title="bbox 220 1385 1890 1470; baseline -0.002 -22"><span class='ocrx_word' id='word_1_190' title='bbox 220 1391 276 1448; x_wconf 89' lang='lat' dir='ltr'><strong>lius</strong></span> <span class='ocrx_word' id='word_1_191' title='bbox 289 1390 592 1454; x_wconf 87' lang='lat' dir='ltr'><strong>domusmansionem,</strong></span> <span class='ocrx_word' id='word_1_192' title='bbox 603 1406 654 1460; x_wconf 92' lang='lat' dir='ltr'><strong>pro</strong></span> <span class='ocrx_word' id='word_1_193' title='bbox 666 1389 700 1443; x_wconf 87' lang='lat' dir='ltr'><strong>iis</strong></span> <span class='ocrx_word' id='word_1_194' title='bbox 715 1388 761 1470; x_wconf 85' lang='lat' dir='ltr'><strong>qui</strong></span> <span class='ocrx_word' id='word_1_195' title='bbox 776 1386 977 1458; x_wconf 88' lang='lat' dir='ltr'><strong>nibilamplius</strong></span> <span class='ocrx_word' id='word_1_196' title='bbox 987 1402 1047 1443; x_wconf 87' lang='lat' dir='ltr'><strong>me-</strong></span> <span class='ocrx_word' id='word_1_197' title='bbox 1102 1400 1197 1456; x_wconf 83' lang='lat' dir='ltr'><strong>poena,</strong></span> <span class='ocrx_word' id='word_1_198' title='bbox 1208 1385 1256 1439; x_wconf 89' lang='lat' dir='ltr'><strong>ubi</strong></span> <span class='ocrx_word' id='word_1_199' title='bbox 1270 1385 1308 1440; x_wconf 92' lang='lat' dir='ltr'><strong>sit</strong></span> <span class='ocrx_word' id='word_1_200' title='bbox 1321 1390 1436 1442; x_wconf 89' lang='lat' dir='ltr'><strong>tentum</strong></span> <span class='ocrx_word' id='word_1_201' title='bbox 1448 1403 1532 1458; x_wconf 81' lang='lat' dir='ltr'><strong>porra</strong></span> <span class='ocrx_word' id='word_1_202' title='bbox 1543 1394 1672 1444; x_wconf 76' lang='grc' dir='ltr'><strong>ιιιαιιοι</strong></span> <span class='ocrx_word' id='word_1_203' title='bbox 1683 1389 1832 1443; x_wconf 75' lang='lat' dir='ltr'><strong>Notandum</strong></span> <span class='ocrx_word' id='word_1_204' title='bbox 1842 1405 1890 1445; x_wconf 85' lang='lat' dir='ltr'><strong>iero</strong></span> 
     </span>
     <span class='ocr_line' id='line_1_17' title="bbox 220 1455 1890 1533; baseline -0.002 -15"><span class='ocrx_word' id='word_1_205' title='bbox 220 1461 427 1533; x_wconf 70' lang='lat' dir='ltr'><strong>ruerint203</strong></span> <span class='ocrx_word' id='word_1_206' title='bbox 439 1477 527 1533; x_wconf 90' lang='lat' dir='ltr'><strong>quam</strong></span> <span class='ocrx_word' id='word_1_207' title='bbox 536 1464 823 1532; x_wconf 80' lang='lat' dir='ltr'><strong>poeuoevacationem.</strong></span> <span class='ocrx_word' id='word_1_208' title='bbox 836 1459 894 1514; x_wconf 89' lang='lat' dir='ltr'><strong>llec</strong></span> <span class='ocrx_word' id='word_1_209' title='bbox 904 1456 1046 1513; x_wconf 87' lang='lat' dir='ltr'><strong>sentiendi</strong></span> <span class='ocrx_word' id='word_1_210' title='bbox 1102 1456 1179 1527; x_wconf 87' lang='lat' dir='ltr'><strong>quod</strong></span> <span class='ocrx_word' id='word_1_211' title='bbox 1199 1455 1228 1511; x_wconf 87' lang='lat' dir='ltr'><strong>in</strong></span> <span class='ocrx_word' id='word_1_212' title='bbox 1243 1458 1447 1528; x_wconf 67' lang='lat' dir='ltr'><strong>deplanatione</strong></span> <span class='ocrx_word' id='word_1_213' title='bbox 1464 1461 1589 1530; x_wconf 72' lang='lat' dir='ltr'><strong>Spartae</strong></span> <span class='ocrx_word' id='word_1_214' title='bbox 1611 1465 1652 1515; x_wconf 89' lang='lat' dir='ltr'><strong>ita</strong></span> <span class='ocrx_word' id='word_1_215' title='bbox 1664 1461 1890 1532; x_wconf 80' lang='lat' dir='ltr'><strong>loquiturllioetas;</strong></span> 
     </span>
     <span class='ocr_line' id='line_1_18' title="bbox 221 1526 1890 1604; baseline -0.001 -16"><span class='ocrx_word' id='word_1_216' title='bbox 221 1532 343 1597; x_wconf 88' lang='lat' dir='ltr'><strong>ratione,</strong></span> <span class='ocrx_word' id='word_1_217' title='bbox 358 1549 424 1604; x_wconf 83' lang='lat' dir='ltr'><strong>quin</strong></span> <span class='ocrx_word' id='word_1_218' title='bbox 439 1531 605 1588; x_wconf 76' lang='lat' dir='ltr'><strong>Nazianzeni</strong></span> <span class='ocrx_word' id='word_1_219' title='bbox 618 1531 710 1587; x_wconf 88' lang='lat' dir='ltr'><strong>verbis</strong></span> <span class='ocrx_word' id='word_1_220' title='bbox 723 1545 905 1602; x_wconf 87' lang='lat' dir='ltr'><strong>nequaquam</strong></span> <span class='ocrx_word' id='word_1_221' title='bbox 921 1529 1048 1600; x_wconf 89' lang='lat' dir='ltr'><strong>reiraga-</strong></span> <span class='ocrx_word' id='word_1_222' title='bbox 1103 1526 1132 1581; x_wconf 90' lang='lat' dir='ltr'><strong>ili</strong></span> <span class='ocrx_word' id='word_1_223' title='bbox 1146 1528 1344 1584; x_wconf 84' lang='lat' dir='ltr'><strong>lucubratione</strong></span> <span class='ocrx_word' id='word_1_224' title='bbox 1359 1528 1498 1594; x_wconf 88' lang='lat' dir='ltr'><strong>videlicet,</strong></span> <span class='ocrx_word' id='word_1_225' title='bbox 1514 1548 1578 1601; x_wconf 76' lang='lat' dir='ltr'><strong>quas</strong></span> <span class='ocrx_word' id='word_1_226' title='bbox 1597 1534 1665 1586; x_wconf 83' lang='lat' dir='ltr'><strong>lidci</strong></span> <span class='ocrx_word' id='word_1_227' title='bbox 1683 1540 1810 1603; x_wconf 85' lang='lat' dir='ltr'><strong>dogmata</strong></span> <span class='ocrx_word' id='word_1_228' title='bbox 1820 1532 1890 1598; x_wconf 77' lang='lat' dir='ltr'><strong>uadit</strong></span> 
     </span>
     <span class='ocr_line' id='line_1_19' title="bbox 222 1599 1893 1674; baseline -0.002 -15"><span class='ocrx_word' id='word_1_229' title='bbox 222 1607 278 1668; x_wconf 86' lang='lat' dir='ltr'><strong>tur,</strong></span> <span class='ocrx_word' id='word_1_230' title='bbox 293 1603 377 1658; x_wconf 89' lang='lat' dir='ltr'><strong>iaeile</strong></span> <span class='ocrx_word' id='word_1_231' title='bbox 391 1603 419 1657; x_wconf 93' lang='lat' dir='ltr'><strong>iu</strong></span> <span class='ocrx_word' id='word_1_232' title='bbox 434 1608 544 1658; x_wconf 90' lang='lat' dir='ltr'><strong>rectum</strong></span> <span class='ocrx_word' id='word_1_233' title='bbox 556 1618 671 1658; x_wconf 89' lang='lat' dir='ltr'><strong>sensum</strong></span> <span class='ocrx_word' id='word_1_234' title='bbox 688 1608 869 1674; x_wconf 90' lang='lat' dir='ltr'><strong>exponuntur</strong></span> <span class='ocrx_word' id='word_1_235' title='bbox 882 1599 966 1656; x_wconf 89' lang='lat' dir='ltr'><strong>ctiam</strong></span> <span class='ocrx_word' id='word_1_236' title='bbox 978 1602 1048 1655; x_wconf 90' lang='lat' dir='ltr'><strong>aiio·</strong></span> <span class='ocrx_word' id='word_1_237' title='bbox 1102 1613 1220 1670; x_wconf 71' lang='lat' dir='ltr'><strong>quaeque</strong></span> <span class='ocrx_word' id='word_1_238' title='bbox 1230 1601 1315 1654; x_wconf 87' lang='lat' dir='ltr'><strong>simul</strong></span> <span class='ocrx_word' id='word_1_239' title='bbox 1330 1601 1396 1656; x_wconf 84' lang='lat' dir='ltr'><strong>fidei</strong></span> <span class='ocrx_word' id='word_1_240' title='bbox 1410 1601 1584 1657; x_wconf 87' lang='lat' dir='ltr'><strong>auctorissui</strong></span> <span class='ocrx_word' id='word_1_241' title='bbox 1600 1604 1680 1657; x_wconf 92' lang='lat' dir='ltr'><strong>testis</strong></span> <span class='ocrx_word' id='word_1_242' title='bbox 1687 1619 1730 1657; x_wconf 88' lang='lat' dir='ltr'><strong>esi</strong></span> <span class='ocrx_word' id='word_1_243' title='bbox 1742 1605 1893 1673; x_wconf 82' lang='lat' dir='ltr'><strong>locupletissi-</strong></span> 
     </span>
     <span class='ocr_line' id='line_1_20' title="bbox 221 1668 1892 1746; baseline -0.002 -15"><span class='ocrx_word' id='word_1_244' title='bbox 221 1690 287 1731; x_wconf 88' lang='lat' dir='ltr'><strong>riim</strong></span> <span class='ocrx_word' id='word_1_245' title='bbox 301 1674 378 1730; x_wconf 88' lang='lat' dir='ltr'><strong>dicte</strong></span> <span class='ocrx_word' id='word_1_246' title='bbox 387 1689 452 1746; x_wconf 79' lang='lat' dir='ltr'><strong>quai</strong></span> <span class='ocrx_word' id='word_1_247' title='bbox 461 1674 620 1739; x_wconf 83' lang='lat' dir='ltr'><strong>attulimus,</strong></span> <span class='ocrx_word' id='word_1_248' title='bbox 632 1671 905 1728; x_wconf 84' lang='lat' dir='ltr'><strong>etmeximeNicetie</strong></span> <span class='ocrx_word' id='word_1_249' title='bbox 916 1671 1049 1728; x_wconf 86' lang='lat' dir='ltr'><strong>nostrind</strong></span> <span class='ocrx_word' id='word_1_250' title='bbox 1102 1686 1162 1725; x_wconf 87' lang='lat' dir='ltr'><strong>ma.</strong></span> <span class='ocrx_word' id='word_1_251' title='bbox 1183 1668 1305 1726; x_wconf 89' lang='lat' dir='ltr'><strong>l&#39;ertium</strong></span> <span class='ocrx_word' id='word_1_252' title='bbox 1318 1670 1424 1743; x_wconf 86' lang='lat' dir='ltr'><strong>itaque,</strong></span> <span class='ocrx_word' id='word_1_253' title='bbox 1444 1688 1494 1728; x_wconf 88' lang='lat' dir='ltr'><strong>seu</strong></span> <span class='ocrx_word' id='word_1_254' title='bbox 1510 1679 1650 1742; x_wconf 88' lang='lat' dir='ltr'><strong>medium,</strong></span> <span class='ocrx_word' id='word_1_255' title='bbox 1666 1688 1740 1729; x_wconf 87' lang='lat' dir='ltr'><strong>lianc</strong></span> <span class='ocrx_word' id='word_1_256' title='bbox 1752 1681 1845 1729; x_wconf 85' lang='lat' dir='ltr'><strong>statum</strong></span> <span class='ocrx_word' id='word_1_257' title='bbox 1855 1690 1892 1746; x_wconf 90' lang='lat' dir='ltr'><strong>pro</strong></span> 
     </span>
     <span class='ocr_line' id='line_1_21' title="bbox 222 1739 1893 1818; baseline -0.002 -16"><span class='ocrx_word' id='word_1_258' title='bbox 222 1746 351 1816; x_wconf 78' lang='lat' dir='ltr'><strong>Lupiam,</strong></span> <span class='ocrx_word' id='word_1_259' title='bbox 367 1760 488 1816; x_wconf 88' lang='lat' dir='ltr'><strong>quorum</strong></span> <span class='ocrx_word' id='word_1_260' title='bbox 500 1759 586 1801; x_wconf 88' lang='lat' dir='ltr'><strong>causa</strong></span> <span class='ocrx_word' id='word_1_261' title='bbox 596 1744 658 1799; x_wconf 81' lang='lat' dir='ltr'><strong>baec</strong></span> <span class='ocrx_word' id='word_1_262' title='bbox 666 1742 826 1799; x_wconf 89' lang='lat' dir='ltr'><strong>scribimus.</strong></span> <span class='ocrx_word' id='word_1_263' title='bbox 837 1741 957 1798; x_wconf 81' lang='lat' dir='ltr'><strong>Gloriam</strong></span> <span class='ocrx_word' id='word_1_264' title='bbox 967 1758 1050 1798; x_wconf 86' lang='lat' dir='ltr'><strong>nam·</strong></span> <span class='ocrx_word' id='word_1_265' title='bbox 1067 1739 1252 1817; x_wconf 35' lang='lat' dir='ltr'><strong>gnbeptizatis</strong></span> <span class='ocrx_word' id='word_1_266' title='bbox 1272 1742 1378 1798; x_wconf 86' lang='lat' dir='ltr'><strong>adultis</strong></span> <span class='ocrx_word' id='word_1_267' title='bbox 1402 1759 1583 1816; x_wconf 89' lang='lat' dir='ltr'><strong>nequaquam</strong></span> <span class='ocrx_word' id='word_1_268' title='bbox 1604 1749 1723 1818; x_wconf 77' lang='lat' dir='ltr'><strong>agnoui</strong></span> <span class='ocrx_word' id='word_1_269' title='bbox 1740 1745 1893 1802; x_wconf 68' lang='lat' dir='ltr'><strong>Nicetiana</strong></span> 
     </span>
     <span class='ocr_line' id='line_1_22' title="bbox 222 1812 1894 1890; baseline -0.002 -18"><span class='ocrx_word' id='word_1_270' title='bbox 222 1831 288 1890; x_wconf 90' lang='lat' dir='ltr'><strong>que,</strong></span> <span class='ocrx_word' id='word_1_271' title='bbox 303 1832 387 1888; x_wconf 90' lang='lat' dir='ltr'><strong>quam</strong></span> <span class='ocrx_word' id='word_1_272' title='bbox 402 1816 463 1887; x_wconf 91' lang='lat' dir='ltr'><strong>ipse</strong></span> <span class='ocrx_word' id='word_1_273' title='bbox 476 1815 626 1871; x_wconf 87' lang='lat' dir='ltr'><strong>dubitabat</strong></span> <span class='ocrx_word' id='word_1_274' title='bbox 650 1816 771 1886; x_wconf 85' lang='lat' dir='ltr'><strong>Lapsam</strong></span> <span class='ocrx_word' id='word_1_275' title='bbox 795 1830 878 1870; x_wconf 89' lang='lat' dir='ltr'><strong>suam</strong></span> <span class='ocrx_word' id='word_1_276' title='bbox 894 1829 951 1869; x_wconf 92' lang='lat' dir='ltr'><strong>non</strong></span> <span class='ocrx_word' id='word_1_277' title='bbox 967 1829 1049 1885; x_wconf 89' lang='lat' dir='ltr'><strong>posse</strong></span> <span class='ocrx_word' id='word_1_278' title='bbox 1102 1812 1206 1868; x_wconf 90' lang='lat' dir='ltr'><strong>merito</strong></span> <span class='ocrx_word' id='word_1_279' title='bbox 1221 1818 1372 1884; x_wconf 89' lang='lat' dir='ltr'><strong>propterea</strong></span> <span class='ocrx_word' id='word_1_280' title='bbox 1385 1815 1537 1870; x_wconf 79' lang='lat' dir='ltr'><strong>clarissimi</strong></span> <span class='ocrx_word' id='word_1_281' title='bbox 1549 1817 1622 1870; x_wconf 84' lang='lat' dir='ltr'><strong>Biliii</strong></span> <span class='ocrx_word' id='word_1_282' title='bbox 1633 1818 1894 1888; x_wconf 77' lang='lat' dir='ltr'><strong>interpretationem</strong></span> 
     </span>
     <span class='ocr_line' id='line_1_23' title="bbox 224 1884 1894 1960; baseline -0.001 -17"><span class='ocrx_word' id='word_1_283' title='bbox 224 1887 392 1957; x_wconf 89' lang='lat' dir='ltr'><strong>promereri,</strong></span> <span class='ocrx_word' id='word_1_284' title='bbox 407 1903 456 1942; x_wconf 89' lang='lat' dir='ltr'><strong>scu</strong></span> <span class='ocrx_word' id='word_1_285' title='bbox 472 1886 674 1958; x_wconf 88' lang='lat' dir='ltr'><strong>potiusquam,</strong></span> <span class='ocrx_word' id='word_1_286' title='bbox 692 1886 732 1941; x_wconf 89' lang='lat' dir='ltr'><strong>uti</strong></span> <span class='ocrx_word' id='word_1_287' title='bbox 748 1886 853 1950; x_wconf 87' lang='lat' dir='ltr'><strong>aiebat,</strong></span> <span class='ocrx_word' id='word_1_288' title='bbox 865 1884 928 1956; x_wconf 90' lang='lat' dir='ltr'><strong>ipsa</strong></span> <span class='ocrx_word' id='word_1_289' title='bbox 937 1899 1051 1957; x_wconf 83' lang='lat' dir='ltr'><strong>sperare</strong></span> <span class='ocrx_word' id='word_1_290' title='bbox 1103 1885 1276 1939; x_wconf 88' lang='lat' dir='ltr'><strong>nandasnnt</strong></span> <span class='ocrx_word' id='word_1_291' title='bbox 1289 1884 1699 1959; x_wconf 78' lang='lat' dir='ltr'><strong>ejusdemverbaeitoirpmcm</strong></span> <span class='ocrx_word' id='word_1_292' title='bbox 1713 1890 1894 1960; x_wconf 82' lang='lat' dir='ltr'><strong>lapsam,capitc</strong></span> 
     </span>
     <span class='ocr_line' id='line_1_24' title="bbox 224 1954 1895 2030; baseline -0.002 -15"><span class='ocrx_word' id='word_1_293' title='bbox 224 1955 1050 2029; x_wconf 83' lang='lat' dir='ltr'><strong>minimeaadebitpoenitentiasuaquamvissiuceraatque</strong></span> <span class='ocrx_word' id='word_1_294' title='bbox 1103 1955 1130 2018; x_wconf 81' lang='lat' dir='ltr'><strong>s,</strong></span> <span class='ocrx_word' id='word_1_295' title='bbox 1147 1959 1178 2009; x_wconf 91' lang='lat' dir='ltr'><strong>ut</strong></span> <span class='ocrx_word' id='word_1_296' title='bbox 1192 1954 1253 2026; x_wconf 91' lang='lat' dir='ltr'><strong>ipse</strong></span> <span class='ocrx_word' id='word_1_297' title='bbox 1267 1956 1374 2012; x_wconf 89' lang='lat' dir='ltr'><strong>scilicet</strong></span> <span class='ocrx_word' id='word_1_298' title='bbox 1384 1955 1503 2012; x_wconf 87' lang='lat' dir='ltr'><strong>innuere</strong></span> <span class='ocrx_word' id='word_1_299' title='bbox 1516 1967 1636 2014; x_wconf 86' lang='lat' dir='ltr'><strong>voluerii</strong></span> <span class='ocrx_word' id='word_1_300' title='bbox 1649 1966 1759 2030; x_wconf 87' lang='lat' dir='ltr'><strong>lapsam</strong></span> <span class='ocrx_word' id='word_1_301' title='bbox 1771 1961 1849 2022; x_wconf 86' lang='lat' dir='ltr'><strong>illam,</strong></span> <span class='ocrx_word' id='word_1_302' title='bbox 1858 1973 1895 2029; x_wconf 82' lang='lat' dir='ltr'><strong>per</strong></span> 
     </span>
     <span class='ocr_line' id='line_1_25' title="bbox 223 2025 1894 2102; baseline -0.002 -16"><span class='ocrx_word' id='word_1_303' title='bbox 223 2035 433 2102; x_wconf 83' lang='lat' dir='ltr'><strong>perseverante,</strong></span> <span class='ocrx_word' id='word_1_304' title='bbox 447 2028 585 2085; x_wconf 82' lang='lat' dir='ltr'><strong>intellexit</strong></span> <span class='ocrx_word' id='word_1_305' title='bbox 594 2028 780 2100; x_wconf 91' lang='lat' dir='ltr'><strong>proculdubio</strong></span> <span class='ocrx_word' id='word_1_306' title='bbox 790 2031 912 2101; x_wconf 89' lang='lat' dir='ltr'><strong>gradum</strong></span> <span class='ocrx_word' id='word_1_307' title='bbox 923 2027 1049 2099; x_wconf 91' lang='lat' dir='ltr'><strong>aliquem</strong></span> <span class='ocrx_word' id='word_1_308' title='bbox 1105 2025 1246 2081; x_wconf 88' lang='lat' dir='ltr'><strong>sincerem</strong></span> <span class='ocrx_word' id='word_1_309' title='bbox 1261 2041 1344 2082; x_wconf 88' lang='lat' dir='ltr'><strong>suam</strong></span> <span class='ocrx_word' id='word_1_310' title='bbox 1354 2041 1388 2082; x_wconf 89' lang='lat' dir='ltr'><strong>ac</strong></span> <span class='ocrx_word' id='word_1_311' title='bbox 1401 2036 1633 2099; x_wconf 87' lang='lat' dir='ltr'><strong>perseverantem</strong></span> <span class='ocrx_word' id='word_1_312' title='bbox 1649 2031 1844 2101; x_wconf 70' lang='lat' dir='ltr'><strong>poenitentiam,</strong></span> <span class='ocrx_word' id='word_1_313' title='bbox 1853 2043 1894 2083; x_wconf 89' lang='lat' dir='ltr'><strong>roo</strong></span> 
     </span>
     <span class='ocr_line' id='line_1_26' title="bbox 223 2097 1895 2225; baseline -0.002 -68"><span class='ocrx_word' id='word_1_314' title='bbox 223 2102 323 2175; x_wconf 77' lang='lat' dir='ltr'><strong>gloriae</strong></span> <span class='ocrx_word' id='word_1_315' title='bbox 338 2101 481 2166; x_wconf 87' lang='lat' dir='ltr'><strong>altiorem,</strong></span> <span class='ocrx_word' id='word_1_316' title='bbox 498 2099 679 2165; x_wconf 80' lang='lat' dir='ltr'><strong>innocentius,</strong></span> <span class='ocrx_word' id='word_1_317' title='bbox 695 2113 784 2170; x_wconf 89' lang='lat' dir='ltr'><strong>quani</strong></span> <span class='ocrx_word' id='word_1_318' title='bbox 798 2101 860 2225; x_wconf 55' lang='lat' dir='ltr'><strong>ipse</strong></span> <span class='ocrx_word' id='word_1_319' title='bbox 875 2099 1047 2169; x_wconf 88' lang='lat' dir='ltr'><strong>perdiderat,</strong></span> <span class='ocrx_word' id='word_1_320' title='bbox 1103 2097 1222 2179; x_wconf 77' lang='lat' dir='ltr'><strong>pieriam</strong></span> <span class='ocrx_word' id='word_1_321' title='bbox 1231 2097 1348 2169; x_wconf 88' lang='lat' dir='ltr'><strong>quidem</strong></span> <span class='ocrx_word' id='word_1_322' title='bbox 1357 2100 1438 2154; x_wconf 88' lang='lat' dir='ltr'><strong>illam</strong></span> <span class='ocrx_word' id='word_1_323' title='bbox 1446 2103 1548 2155; x_wconf 84' lang='lat' dir='ltr'><strong>eadere</strong></span> <span class='ocrx_word' id='word_1_324' title='bbox 1558 2117 1683 2173; x_wconf 84' lang='lat' dir='ltr'><strong>sperare,</strong></span> <span class='ocrx_word' id='word_1_325' title='bbox 1693 2119 1755 2173; x_wconf 84' lang='lat' dir='ltr'><strong>quae</strong></span> <span class='ocrx_word' id='word_1_326' title='bbox 1762 2107 1895 2157; x_wconf 86' lang='lat' dir='ltr'><strong>iunocenter</strong></span> 
     </span>
     <span class='ocr_line' id='line_1_27' title="bbox 223 2168 1895 2243; baseline -0.002 -15"><span class='ocrx_word' id='word_1_327' title='bbox 223 2177 416 2239; x_wconf 63' lang='lat' dir='ltr'><strong>reservatum</strong></span> <span class='ocrx_word' id='word_1_328' title='bbox 427 2175 543 2242; x_wconf 83' lang='lat' dir='ltr'><strong>etpoetioe</strong></span> <span class='ocrx_word' id='word_1_329' title='bbox 554 2170 729 2235; x_wconf 81' lang='lat' dir='ltr'><strong>uacationem,</strong></span> <span class='ocrx_word' id='word_1_330' title='bbox 739 2170 807 2225; x_wconf 90' lang='lat' dir='ltr'><strong>intel</strong></span> <span class='ocrx_word' id='word_1_331' title='bbox 820 2169 878 2225; x_wconf 90' lang='lat' dir='ltr'><strong>exit</strong></span> <span class='ocrx_word' id='word_1_332' title='bbox 887 2173 1049 2225; x_wconf 88' lang='lat' dir='ltr'><strong>extremum</strong></span> <span class='ocrx_word' id='word_1_333' title='bbox 1104 2184 1133 2222; x_wconf 91' lang='lat' dir='ltr'><strong>iii</strong></span> <span class='ocrx_word' id='word_1_334' title='bbox 1141 2168 1506 2242; x_wconf 87' lang='lat' dir='ltr'><strong>coelomanetmultumque</strong></span> <span class='ocrx_word' id='word_1_335' title='bbox 1514 2175 1697 2242; x_wconf 87' lang='lat' dir='ltr'><strong>promeritos,</strong></span> <span class='ocrx_word' id='word_1_336' title='bbox 1704 2173 1895 2243; x_wconf 79' lang='lat' dir='ltr'><strong>sedglorisnel&#39;r</strong></span> 
     </span>
     <span class='ocr_line' id='line_1_28' title="bbox 222 2240 1896 2316; baseline -0.001 -17"><span class='ocrx_word' id='word_1_337' title='bbox 222 2243 304 2299; x_wconf 89' lang='lat' dir='ltr'><strong>illum</strong></span> <span class='ocrx_word' id='word_1_338' title='bbox 327 2241 473 2298; x_wconf 86' lang='lat' dir='ltr'><strong>beatitatis</strong></span> <span class='ocrx_word' id='word_1_339' title='bbox 485 2242 609 2313; x_wconf 89' lang='lat' dir='ltr'><strong>gradum</strong></span> <span class='ocrx_word' id='word_1_340' title='bbox 630 2256 686 2312; x_wconf 92' lang='lat' dir='ltr'><strong>quo</strong></span> <span class='ocrx_word' id='word_1_341' title='bbox 702 2240 773 2295; x_wconf 90' lang='lat' dir='ltr'><strong>nibil</strong></span> <span class='ocrx_word' id='word_1_342' title='bbox 788 2240 817 2295; x_wconf 92' lang='lat' dir='ltr'><strong>in</strong></span> <span class='ocrx_word' id='word_1_343' title='bbox 832 2240 904 2296; x_wconf 86' lang='lat' dir='ltr'><strong>coelo</strong></span> <span class='ocrx_word' id='word_1_344' title='bbox 918 2240 1049 2305; x_wconf 85' lang='lat' dir='ltr'><strong>interius,</strong></span> <span class='ocrx_word' id='word_1_345' title='bbox 1104 2255 1193 2311; x_wconf 89' lang='lat' dir='ltr'><strong>quam</strong></span> <span class='ocrx_word' id='word_1_346' title='bbox 1207 2241 1395 2296; x_wconf 88' lang='lat' dir='ltr'><strong>nibilominus</strong></span> <span class='ocrx_word' id='word_1_347' title='bbox 1404 2243 1496 2297; x_wconf 88' lang='lat' dir='ltr'><strong>intimi</strong></span> <span class='ocrx_word' id='word_1_348' title='bbox 1509 2251 1624 2315; x_wconf 88' lang='lat' dir='ltr'><strong>gradus,</strong></span> <span class='ocrx_word' id='word_1_349' title='bbox 1640 2261 1730 2316; x_wconf 89' lang='lat' dir='ltr'><strong>quam</strong></span> <span class='ocrx_word' id='word_1_350' title='bbox 1741 2261 1796 2315; x_wconf 90' lang='lat' dir='ltr'><strong>lpse</strong></span> <span class='ocrx_word' id='word_1_351' title='bbox 1809 2260 1850 2315; x_wconf 89' lang='lat' dir='ltr'><strong>per</strong></span> <span class='ocrx_word' id='word_1_352' title='bbox 1858 2258 1896 2314; x_wconf 84' lang='lat' dir='ltr'><strong>pe·</strong></span> 
     </span>
     <span class='ocr_line' id='line_1_29' title="bbox 222 2311 1896 2386; baseline -0.001 -17"><span class='ocrx_word' id='word_1_353' title='bbox 222 2313 271 2370; x_wconf 89' lang='lat' dir='ltr'><strong>ubi</strong></span> <span class='ocrx_word' id='word_1_354' title='bbox 306 2329 337 2368; x_wconf 90' lang='lat' dir='ltr'><strong>ro</strong></span> <span class='ocrx_word' id='word_1_355' title='bbox 365 2312 533 2368; x_wconf 88' lang='lat' dir='ltr'><strong>meritorum</strong></span> <span class='ocrx_word' id='word_1_356' title='bbox 548 2312 659 2366; x_wconf 89' lang='lat' dir='ltr'><strong>ratione</strong></span> <span class='ocrx_word' id='word_1_357' title='bbox 675 2315 828 2367; x_wconf 78' lang='grc' dir='ltr'><strong>ιιιιιιοιει</strong></span> <span class='ocrx_word' id='word_1_358' title='bbox 844 2311 1006 2378; x_wconf 86' lang='lat' dir='ltr'><strong>donentur;</strong></span> <span class='ocrx_word' id='word_1_359' title='bbox 1022 2315 1050 2366; x_wconf 93' lang='lat' dir='ltr'><strong>et</strong></span> <span class='ocrx_word' id='word_1_360' title='bbox 1104 2312 1323 2366; x_wconf 67' lang='lat' dir='ltr'><strong>remeationem</strong></span> <span class='ocrx_word' id='word_1_361' title='bbox 1338 2314 1520 2383; x_wconf 88' lang='lat' dir='ltr'><strong>signiticavil.</strong></span> <span class='ocrx_word' id='word_1_362' title='bbox 1536 2317 1570 2369; x_wconf 78' lang='lat' dir='ltr'><strong>lit</strong></span> <span class='ocrx_word' id='word_1_363' title='bbox 1579 2327 1705 2386; x_wconf 87' lang='lat' dir='ltr'><strong>gloriam</strong></span> <span class='ocrx_word' id='word_1_364' title='bbox 1718 2321 1789 2371; x_wconf 84' lang='lat' dir='ltr'><strong>certe</strong></span> <span class='ocrx_word' id='word_1_365' title='bbox 1800 2317 1896 2386; x_wconf 84' lang='lat' dir='ltr'><strong>aliquan</strong></span> 
     </span>
     <span class='ocr_line' id='line_1_30' title="bbox 222 2330 1896 2459; baseline -0.001 -20"><span class='ocrx_word' id='word_1_366' title='bbox 222 2330 345 2457; x_wconf 60' lang='lat' dir='ltr'><strong>grassum</strong></span> <span class='ocrx_word' id='word_1_367' title='bbox 355 2386 505 2454; x_wconf 87' lang='lat' dir='ltr'><strong>propterea</strong></span> <span class='ocrx_word' id='word_1_368' title='bbox 516 2381 607 2447; x_wconf 89' lang='lat' dir='ltr'><strong>illurn,</strong></span> <span class='ocrx_word' id='word_1_369' title='bbox 624 2380 672 2452; x_wconf 92' lang='lat' dir='ltr'><strong>qui</strong></span> <span class='ocrx_word' id='word_1_370' title='bbox 685 2381 721 2452; x_wconf 79' lang='lat' dir='ltr'><strong>(si</strong></span> <span class='ocrx_word' id='word_1_371' title='bbox 734 2382 775 2437; x_wconf 86' lang='lat' dir='ltr'><strong>ita</strong></span> <span class='ocrx_word' id='word_1_372' title='bbox 787 2380 863 2452; x_wconf 90' lang='lat' dir='ltr'><strong>loqui</strong></span> <span class='ocrx_word' id='word_1_373' title='bbox 878 2381 922 2436; x_wconf 86' lang='lat' dir='ltr'><strong>ias</strong></span> <span class='ocrx_word' id='word_1_374' title='bbox 932 2385 987 2451; x_wconf 88' lang='lat' dir='ltr'><strong>est)</strong></span> <span class='ocrx_word' id='word_1_375' title='bbox 1000 2398 1050 2453; x_wconf 94' lang='lat' dir='ltr'><strong>pro</strong></span> <span class='ocrx_word' id='word_1_376' title='bbox 1105 2381 1232 2438; x_wconf 87' lang='lat' dir='ltr'><strong>indicare</strong></span> <span class='ocrx_word' id='word_1_377' title='bbox 1242 2382 1364 2439; x_wconf 90' lang='lat' dir='ltr'><strong>voluisse</strong></span> <span class='ocrx_word' id='word_1_378' title='bbox 1371 2387 1499 2440; x_wconf 79' lang='lat' dir='ltr'><strong>Nicetam</strong></span> <span class='ocrx_word' id='word_1_379' title='bbox 1505 2393 1636 2457; x_wconf 89' lang='lat' dir='ltr'><strong>perbanc</strong></span> <span class='ocrx_word' id='word_1_380' title='bbox 1645 2404 1743 2458; x_wconf 74' lang='lat' dir='ltr'><strong>patrie,</strong></span> <span class='ocrx_word' id='word_1_381' title='bbox 1752 2404 1830 2459; x_wconf 90' lang='lat' dir='ltr'><strong>quain</strong></span> <span class='ocrx_word' id='word_1_382' title='bbox 1836 2386 1896 2449; x_wconf 87' lang='lat' dir='ltr'><strong>uixit,</strong></span> 
     </span>
     <span class='ocr_line' id='line_1_31' title="bbox 223 2452 1897 2526; baseline -0.001 -16"><span class='ocrx_word' id='word_1_383' title='bbox 223 2471 276 2510; x_wconf 91' lang='lat' dir='ltr'><strong>sua</strong></span> <span class='ocrx_word' id='word_1_384' title='bbox 288 2453 442 2526; x_wconf 78' lang='lat' dir='ltr'><strong>exiguitate</strong></span> <span class='ocrx_word' id='word_1_385' title='bbox 453 2452 540 2508; x_wconf 84' lang='lat' dir='ltr'><strong>veluti</strong></span> <span class='ocrx_word' id='word_1_386' title='bbox 553 2452 673 2508; x_wconf 83' lang='lat' dir='ltr'><strong>confinis</strong></span> <span class='ocrx_word' id='word_1_387' title='bbox 685 2458 729 2509; x_wconf 92' lang='lat' dir='ltr'><strong>est</strong></span> <span class='ocrx_word' id='word_1_388' title='bbox 742 2456 888 2524; x_wconf 91' lang='lat' dir='ltr'><strong>postremo</strong></span> <span class='ocrx_word' id='word_1_389' title='bbox 898 2467 1050 2525; x_wconf 80' lang='lat' dir='ltr'><strong>plenarum</strong></span> <span class='ocrx_word' id='word_1_390' title='bbox 1106 2457 1289 2524; x_wconf 58' lang='lat' dir='ltr'><strong>vacationem</strong></span> <span class='ocrx_word' id='word_1_391' title='bbox 1302 2457 1386 2510; x_wconf 88' lang='lat' dir='ltr'><strong>verba</strong></span> <span class='ocrx_word' id='word_1_392' title='bbox 1407 2461 1495 2511; x_wconf 89' lang='lat' dir='ltr'><strong>etiam</strong></span> <span class='ocrx_word' id='word_1_393' title='bbox 1510 2461 1571 2523; x_wconf 90' lang='lat' dir='ltr'><strong>illa,</strong></span> <span class='ocrx_word' id='word_1_394' title='bbox 1593 2459 1623 2512; x_wconf 91' lang='lat' dir='ltr'><strong>ui</strong></span> <span class='ocrx_word' id='word_1_395' title='bbox 1642 2461 1778 2526; x_wconf 87' lang='lat' dir='ltr'><strong>lallimur,</strong></span> <span class='ocrx_word' id='word_1_396' title='bbox 1798 2460 1897 2512; x_wconf 79' lang='lat' dir='ltr'><strong>mitade</strong></span> 
     </span>
     <span class='ocr_line' id='line_1_32' title="bbox 224 2524 1898 2601; baseline 0.001 -23"><span class='ocrx_word' id='word_1_397' title='bbox 224 2525 323 2598; x_wconf 85' lang='lat' dir='ltr'><strong>gradui</strong></span> <span class='ocrx_word' id='word_1_398' title='bbox 338 2525 554 2579; x_wconf 92' lang='lat' dir='ltr'><strong>damnatorum.</strong></span> <span class='ocrx_word' id='word_1_399' title='bbox 1106 2528 1181 2591; x_wconf 90' lang='lat' dir='ltr'><strong>cent,</strong></span> <span class='ocrx_word' id='word_1_400' title='bbox 1196 2539 1258 2596; x_wconf 80' lang='lat' dir='ltr'><strong>que</strong></span> <span class='ocrx_word' id='word_1_401' title='bbox 1269 2524 1329 2596; x_wconf 90' lang='lat' dir='ltr'><strong>ipse</strong></span> <span class='ocrx_word' id='word_1_402' title='bbox 1337 2525 1445 2582; x_wconf 91' lang='lat' dir='ltr'><strong>ibidem</strong></span> <span class='ocrx_word' id='word_1_403' title='bbox 1457 2527 1487 2583; x_wconf 92' lang='lat' dir='ltr'><strong>in</strong></span> <span class='ocrx_word' id='word_1_404' title='bbox 1499 2529 1552 2582; x_wconf 91' lang='lat' dir='ltr'><strong>lios</strong></span> <span class='ocrx_word' id='word_1_405' title='bbox 1561 2541 1649 2601; x_wconf 75' lang='lat' dir='ltr'><strong>lapsas</strong></span> <span class='ocrx_word' id='word_1_406' title='bbox 1663 2532 1747 2595; x_wconf 90' lang='lat' dir='ltr'><strong>illius,</strong></span> <span class='ocrx_word' id='word_1_407' title='bbox 1763 2543 1839 2601; x_wconf 90' lang='lat' dir='ltr'><strong>quam</strong></span> <span class='ocrx_word' id='word_1_408' title='bbox 1848 2529 1898 2582; x_wconf 82' lang='lat' dir='ltr'><strong>allo</strong></span> 
     </span>
     <span class='ocr_line' id='line_1_33' title="bbox 260 2592 1898 2666; baseline 0.002 -16"><span class='ocrx_word' id='word_1_409' title='bbox 260 2597 402 2652; x_wconf 78' lang='lat' dir='ltr'><strong>Praeterea</strong></span> <span class='ocrx_word' id='word_1_410' title='bbox 429 2595 552 2651; x_wconf 75' lang='lat' dir='ltr'><strong>nullaene</strong></span> <span class='ocrx_word' id='word_1_411' title='bbox 579 2594 684 2649; x_wconf 87' lang='lat' dir='ltr'><strong>adsunt</strong></span> <span class='ocrx_word' id='word_1_412' title='bbox 711 2608 796 2666; x_wconf 89' lang='lat' dir='ltr'><strong>super</strong></span> <span class='ocrx_word' id='word_1_413' title='bbox 822 2592 921 2650; x_wconf 88' lang='lat' dir='ltr'><strong>haere</strong></span> <span class='ocrx_word' id='word_1_414' title='bbox 946 2593 1052 2650; x_wconf 77' lang='lat' dir='ltr'><strong>Nicetis</strong></span> <span class='ocrx_word' id='word_1_415' title='bbox 1106 2596 1254 2666; x_wconf 87' lang='lat' dir='ltr'><strong>qucbatur,</strong></span> <span class='ocrx_word' id='word_1_416' title='bbox 1285 2598 1370 2652; x_wconf 89' lang='lat' dir='ltr'><strong>veluti</strong></span> <span class='ocrx_word' id='word_1_417' title='bbox 1390 2600 1571 2664; x_wconf 84' lang='lat' dir='ltr'><strong>intendebat,</strong></span> <span class='ocrx_word' id='word_1_418' title='bbox 1599 2607 1630 2655; x_wconf 90' lang='lat' dir='ltr'><strong>ut</strong></span> <span class='ocrx_word' id='word_1_419' title='bbox 1653 2603 1754 2656; x_wconf 89' lang='lat' dir='ltr'><strong>iisdem</strong></span> <span class='ocrx_word' id='word_1_420' title='bbox 1771 2607 1898 2656; x_wconf 83' lang='lat' dir='ltr'><strong>orationem</strong></span> 
     </span>
     <span class='ocr_line' id='line_1_34' title="bbox 223 2663 1899 2799; baseline -0.001 -4"><span class='ocrx_word' id='word_1_421' title='bbox 223 2663 1054 2796; x_wconf 58' lang='lat' dir='ltr'><strong>ill”illisit“ltlilllti&#39;tllllllillidit:</strong></span> <span class='ocrx_word' id='word_1_422' title='bbox 1107 2668 1372 2795; x_wconf 70' lang='lat' dir='ltr'><strong>tlltlltlltli</strong></span> <span class='ocrx_word' id='word_1_423' title='bbox 1387 2672 1720 2799; x_wconf 64' lang='lat' dir='ltr'><strong>lltmtllllil‘ll</strong></span> <span class='ocrx_word' id='word_1_424' title='bbox 1733 2675 1899 2797; x_wconf 54' lang='lat' dir='ltr'><strong>mitti</strong></span> 
     </span>
     <span class='ocr_line' id='line_1_35' title="bbox 226 2752 1901 2891; baseline 0 -25"><span class='ocrx_word' id='word_1_425' title='bbox 226 2779 310 2877; x_wconf 63' lang='lat' dir='ltr'><strong>mii’s;</strong></span> <span class='ocrx_word' id='word_1_426' title='bbox 324 2814 408 2891; x_wconf 88' lang='lat' dir='ltr'><strong>prout</strong></span> <span class='ocrx_word' id='word_1_427' title='bbox 421 2754 585 2864; x_wconf 59' lang='lat' dir='ltr'><strong>obgruditis</strong></span> <span class='ocrx_word' id='word_1_428' title='bbox 594 2752 837 2864; x_wconf 47' lang='lat' dir='ltr'><strong>faciliterriacium</strong></span> <span class='ocrx_word' id='word_1_429' title='bbox 849 2753 904 2863; x_wconf 64' lang='lat' dir='ltr'><strong>lPuit</strong></span> <span class='ocrx_word' id='word_1_430' title='bbox 914 2753 982 2863; x_wconf 55' lang='lat'><strong>0⁰13</strong></span> <span class='ocrx_word' id='word_1_431' title='bbox 989 2807 1053 2863; x_wconf 90' lang='lat' dir='ltr'><strong>aliis</strong></span> <span class='ocrx_word' id='word_1_432' title='bbox 1108 2754 1265 2880; x_wconf 43' lang='lat' dir='ltr'><strong>quibusque</strong></span> <span class='ocrx_word' id='word_1_433' title='bbox 1278 2809 1369 2866; x_wconf 81' lang='lat' dir='ltr'><strong>verbis</strong></span> <span class='ocrx_word' id='word_1_434' title='bbox 1381 2758 1506 2868; x_wconf 56' lang='lat' dir='ltr'><strong>titsttogs</strong></span> <span class='ocrx_word' id='word_1_435' title='bbox 1517 2817 1598 2868; x_wconf 88' lang='lat' dir='ltr'><strong>ltluui</strong></span> <span class='ocrx_word' id='word_1_436' title='bbox 1609 2761 1694 2871; x_wconf 59' lang='grc' dir='ltr'><strong>ιῗιιιῗι</strong></span> <span class='ocrx_word' id='word_1_437' title='bbox 1705 2761 1901 2885; x_wconf 49' lang='lat' dir='ltr'><strong>ssiffl’itisepnso&#39;</strong></span> 
     </span>
     <span class='ocr_line' id='line_1_36' title="bbox 228 2878 1900 2956; baseline -0.001 -18"><span class='ocrx_word' id='word_1_438' title='bbox 228 2883 356 2938; x_wconf 77' lang='lat' dir='ltr'><strong>Ecclesia</strong></span> <span class='ocrx_word' id='word_1_439' title='bbox 371 2880 502 2936; x_wconf 86' lang='lat' dir='ltr'><strong>Patribus</strong></span> <span class='ocrx_word' id='word_1_440' title='bbox 517 2879 717 2951; x_wconf 87' lang='lat' dir='ltr'><strong>veteribusque</strong></span> <span class='ocrx_word' id='word_1_441' title='bbox 731 2878 943 2951; x_wconf 82' lang='lat' dir='ltr'><strong>scriptoribus?</strong></span> <span class='ocrx_word' id='word_1_442' title='bbox 962 2879 1055 2952; x_wconf 84' lang='lat' dir='ltr'><strong>iligna</strong></span> <span class='ocrx_word' id='word_1_443' title='bbox 1109 2895 1162 2951; x_wconf 87' lang='lat' dir='ltr'><strong>pus</strong></span> <span class='ocrx_word' id='word_1_444' title='bbox 1174 2881 1282 2936; x_wconf 86' lang='lat' dir='ltr'><strong>claudit</strong></span> <span class='ocrx_word' id='word_1_445' title='bbox 1297 2898 1330 2937; x_wconf 77' lang='lat' dir='ltr'><strong>:u</strong></span> <span class='ocrx_word' id='word_1_446' title='bbox 1345 2884 1403 2937; x_wconf 85' lang='lat' dir='ltr'><strong>lioc</strong></span> <span class='ocrx_word' id='word_1_447' title='bbox 1419 2885 1621 2955; x_wconf 78' lang='lat' dir='ltr'><strong>mitilianum,</strong></span> <span class='ocrx_word' id='word_1_448' title='bbox 1635 2890 1714 2943; x_wconf 88' lang='lat' dir='ltr'><strong>banc</strong></span> <span class='ocrx_word' id='word_1_449' title='bbox 1725 2886 1792 2941; x_wconf 84' lang='lat' dir='ltr'><strong>miti</strong></span> <span class='ocrx_word' id='word_1_450' title='bbox 1802 2886 1900 2956; x_wconf 84' lang='lat' dir='ltr'><strong>gretiam</strong></span> 
     </span>
     <span class='ocr_line' id='line_1_37' title="bbox 228 2949 1900 3027; baseline -0.002 -18"><span class='ocrx_word' id='word_1_451' title='bbox 228 2958 304 3010; x_wconf 91' lang='lat' dir='ltr'><strong>certe</strong></span> <span class='ocrx_word' id='word_1_452' title='bbox 318 2956 386 3007; x_wconf 90' lang='lat' dir='ltr'><strong>sunt</strong></span> <span class='ocrx_word' id='word_1_453' title='bbox 399 2950 649 3007; x_wconf 86' lang='lat' dir='ltr'><strong>animadversione</strong></span> <span class='ocrx_word' id='word_1_454' title='bbox 663 2967 724 3022; x_wconf 82' lang='lat' dir='ltr'><strong>que</strong></span> <span class='ocrx_word' id='word_1_455' title='bbox 740 2954 844 3005; x_wconf 80' lang='lat' dir='ltr'><strong>notant</strong></span> <span class='ocrx_word' id='word_1_456' title='bbox 859 2949 1055 3006; x_wconf 70' lang='lat' dir='ltr'><strong>Maurinibm-</strong></span> <span class='ocrx_word' id='word_1_457' title='bbox 1111 2954 1201 3006; x_wconf 91' lang='lat' dir='ltr'><strong>detuo</strong></span> <span class='ocrx_word' id='word_1_458' title='bbox 1213 2951 1293 3007; x_wconf 89' lang='lat' dir='ltr'><strong>ionte</strong></span> <span class='ocrx_word' id='word_1_459' title='bbox 1307 2955 1438 3023; x_wconf 85' lang='lat' dir='ltr'><strong>praestari</strong></span> <span class='ocrx_word' id='word_1_460' title='bbox 1447 2955 1541 3027; x_wconf 92' lang='lat' dir='ltr'><strong>cupio,</strong></span> <span class='ocrx_word' id='word_1_461' title='bbox 1554 2961 1640 3025; x_wconf 82' lang='lat' dir='ltr'><strong>bens,</strong></span> <span class='ocrx_word' id='word_1_462' title='bbox 1659 2965 1690 3014; x_wconf 90' lang='lat' dir='ltr'><strong>ut</strong></span> <span class='ocrx_word' id='word_1_463' title='bbox 1702 2951 1900 3015; x_wconf 84' lang='lat' dir='ltr'><strong>inueteluamttlii</strong></span> 
     </span>
     <span class='ocr_line' id='line_1_38' title="bbox 229 3020 1901 3096; baseline 0.001 -16"><span class='ocrx_word' id='word_1_464' title='bbox 229 3024 429 3080; x_wconf 89' lang='lat' dir='ltr'><strong>brosianorum</strong></span> <span class='ocrx_word' id='word_1_465' title='bbox 439 3022 695 3093; x_wconf 85' lang='lat' dir='ltr'><strong>Operumcditores</strong></span> <span class='ocrx_word' id='word_1_466' title='bbox 707 3020 978 3077; x_wconf 86' lang='lat' dir='ltr'><strong>adduorelataloca</strong></span> <span class='ocrx_word' id='word_1_467' title='bbox 988 3023 1056 3076; x_wconf 76' lang='lat' dir='ltr'><strong>din·</strong></span> <span class='ocrx_word' id='word_1_468' title='bbox 1111 3025 1260 3081; x_wconf 86' lang='lat' dir='ltr'><strong>conliteer.</strong></span> <span class='ocrx_word' id='word_1_469' title='bbox 1274 3043 1286 3074; x_wconf 85' lang='grc' dir='ltr'><strong>ι</strong></span> <span class='ocrx_word' id='word_1_470' title='bbox 1302 3031 1353 3089; x_wconf 75' lang='lat' dir='ltr'><strong>Qui</strong></span> <span class='ocrx_word' id='word_1_471' title='bbox 1370 3040 1456 3096; x_wconf 92' lang='lat' dir='ltr'><strong>porro</strong></span> <span class='ocrx_word' id='word_1_472' title='bbox 1471 3031 1596 3096; x_wconf 88' lang='lat' dir='ltr'><strong>postulat</strong></span> <span class='ocrx_word' id='word_1_473' title='bbox 1613 3038 1644 3084; x_wconf 91' lang='lat' dir='ltr'><strong>ut</strong></span> <span class='ocrx_word' id='word_1_474' title='bbox 1661 3047 1691 3085; x_wconf 85' lang='lat' dir='ltr'><strong>ru</strong></span> <span class='ocrx_word' id='word_1_475' title='bbox 1705 3040 1830 3087; x_wconf 77' lang='lat' dir='ltr'><strong>eternitas</strong></span> <span class='ocrx_word' id='word_1_476' title='bbox 1840 3027 1901 3093; x_wconf 75' lang='lat' dir='ltr'><strong>evii·</strong></span> 
     </span>
     <span class='ocr_line' id='line_1_39' title="bbox 229 3091 1900 3175; baseline 0.001 -25"><span class='ocrx_word' id='word_1_477' title='bbox 229 3094 326 3156; x_wconf 85' lang='lat' dir='ltr'><strong>brosii,</strong></span> <span class='ocrx_word' id='word_1_478' title='bbox 342 3097 467 3148; x_wconf 87' lang='lat' dir='ltr'><strong>maxime</strong></span> <span class='ocrx_word' id='word_1_479' title='bbox 481 3109 548 3148; x_wconf 87' lang='lat' dir='ltr'><strong>vero</strong></span> <span class='ocrx_word' id='word_1_480' title='bbox 558 3095 596 3148; x_wconf 89' lang='lat' dir='ltr'><strong>sd</strong></span> <span class='ocrx_word' id='word_1_481' title='bbox 610 3093 732 3148; x_wconf 88' lang='lat' dir='ltr'><strong>alterum</strong></span> <span class='ocrx_word' id='word_1_482' title='bbox 748 3109 781 3148; x_wconf 89' lang='lat' dir='ltr'><strong>ex</strong></span> <span class='ocrx_word' id='word_1_483' title='bbox 794 3091 867 3148; x_wconf 91' lang='lat' dir='ltr'><strong>libro</strong></span> <span class='ocrx_word' id='word_1_484' title='bbox 880 3093 915 3149; x_wconf 88' lang='lat' dir='ltr'><strong>de</strong></span> <span class='ocrx_word' id='word_1_485' title='bbox 930 3093 1057 3149; x_wconf 79' lang='lat' dir='ltr'><strong>Fidelis·</strong></span> <span class='ocrx_word' id='word_1_486' title='bbox 1073 3113 1096 3175; x_wconf 66' lang='grc' dir='ltr'>ρ</span> <span class='ocrx_word' id='word_1_487' title='bbox 1112 3101 1205 3150; x_wconf 79' lang='lat' dir='ltr'><strong>tector</strong></span> <span class='ocrx_word' id='word_1_488' title='bbox 1218 3097 1295 3166; x_wconf 81' lang='lat' dir='ltr'><strong>Deo;</strong></span> <span class='ocrx_word' id='word_1_489' title='bbox 1306 3096 1384 3167; x_wconf 89' lang='lat' dir='ltr'><strong>quid,</strong></span> <span class='ocrx_word' id='word_1_490' title='bbox 1409 3112 1517 3167; x_wconf 85' lang='lat' dir='ltr'><strong>quaeso,</strong></span> <span class='ocrx_word' id='word_1_491' title='bbox 1532 3105 1668 3170; x_wconf 86' lang='lat' dir='ltr'><strong>postulet,</strong></span> <span class='ocrx_word' id='word_1_492' title='bbox 1687 3117 1741 3156; x_wconf 88' lang='lat' dir='ltr'><strong>niel</strong></span> <span class='ocrx_word' id='word_1_493' title='bbox 1764 3107 1792 3155; x_wconf 89' lang='lat' dir='ltr'><strong>at</strong></span> <span class='ocrx_word' id='word_1_494' title='bbox 1808 3101 1833 3154; x_wconf 91' lang='lat' dir='ltr'><strong>in</strong></span> <span class='ocrx_word' id='word_1_495' title='bbox 1848 3105 1900 3152; x_wconf 76' lang='lat' dir='ltr'><strong>orell</strong></span> 
     </span>
     <span class='ocr_line' id='line_1_40' title="bbox 230 3163 1901 3246; baseline 0.002 -26"><span class='ocrx_word' id='word_1_496' title='bbox 230 3164 424 3225; x_wconf 86' lang='lat' dir='ltr'><strong>surrectionis,</strong></span> <span class='ocrx_word' id='word_1_497' title='bbox 444 3163 491 3217; x_wconf 90' lang='lat' dir='ltr'><strong>ubi</strong></span> <span class='ocrx_word' id='word_1_498' title='bbox 508 3164 635 3219; x_wconf 89' lang='lat' dir='ltr'><strong>medium</strong></span> <span class='ocrx_word' id='word_1_499' title='bbox 648 3163 730 3218; x_wconf 89' lang='lat' dir='ltr'><strong>illurn</strong></span> <span class='ocrx_word' id='word_1_500' title='bbox 746 3168 865 3228; x_wconf 90' lang='lat' dir='ltr'><strong>statum,</strong></span> <span class='ocrx_word' id='word_1_501' title='bbox 880 3165 981 3236; x_wconf 87' lang='lat' dir='ltr'><strong>dequo</strong></span> <span class='ocrx_word' id='word_1_502' title='bbox 995 3164 1058 3235; x_wconf 90' lang='lat' dir='ltr'><strong>agi·</strong></span> <span class='ocrx_word' id='word_1_503' title='bbox 1112 3167 1901 3246; x_wconf 73' lang='lat' dir='ltr'><strong>postbujusvitieeursumcompossiralicupussalteluglt·</strong></span> 
     </span>
     <span class='ocr_line' id='line_1_41' title="bbox 230 3231 1902 3312; baseline 0.001 -22"><span class='ocrx_word' id='word_1_504' title='bbox 230 3231 1059 3305; x_wconf 87' lang='lat' dir='ltr'><strong>mus,nudeilliusverbeinspicientibusinsinuareiidetur.</strong></span> <span class='ocrx_word' id='word_1_505' title='bbox 1111 3236 1164 3293; x_wconf 80' lang='lat' dir='ltr'><strong>rioe</strong></span> <span class='ocrx_word' id='word_1_506' title='bbox 1178 3239 1338 3304; x_wconf 88' lang='lat' dir='ltr'><strong>beatorum,</strong></span> <span class='ocrx_word' id='word_1_507' title='bbox 1359 3239 1394 3294; x_wconf 90' lang='lat' dir='ltr'><strong>de</strong></span> <span class='ocrx_word' id='word_1_508' title='bbox 1417 3241 1519 3312; x_wconf 84' lang='lat' dir='ltr'><strong>quibus</strong></span> <span class='ocrx_word' id='word_1_509' title='bbox 1532 3245 1601 3298; x_wconf 92' lang='lat' dir='ltr'><strong>solis</strong></span> <span class='ocrx_word' id='word_1_510' title='bbox 1624 3251 1703 3299; x_wconf 89' lang='lat' dir='ltr'><strong>recte</strong></span> <span class='ocrx_word' id='word_1_511' title='bbox 1724 3245 1827 3304; x_wconf 81' lang='lat' dir='ltr'><strong>dictim,</strong></span> <span class='ocrx_word' id='word_1_512' title='bbox 1844 3241 1902 3312; x_wconf 81' lang='lat' dir='ltr'><strong>juxti</strong></span> 
     </span>
     <span class='ocr_line' id='line_1_42' title="bbox 232 3304 1902 3387; baseline 0.005 -29"><span class='ocrx_word' id='word_1_513' title='bbox 232 3327 244 3358; x_wconf 83' lang='grc' dir='ltr'><strong>ι</strong></span> <span class='ocrx_word' id='word_1_514' title='bbox 262 3307 345 3362; x_wconf 86' lang='lat' dir='ltr'><strong>Certe</strong></span> <span class='ocrx_word' id='word_1_515' title='bbox 357 3309 463 3360; x_wconf 87' lang='lat' dir='ltr'><strong>trustra</strong></span> <span class='ocrx_word' id='word_1_516' title='bbox 479 3308 555 3368; x_wconf 88' lang='lat' dir='ltr'><strong>sant,</strong></span> <span class='ocrx_word' id='word_1_517' title='bbox 571 3304 714 3375; x_wconf 88' lang='lat' dir='ltr'><strong>inquiunt,</strong></span> <span class='ocrx_word' id='word_1_518' title='bbox 730 3305 825 3376; x_wconf 88' lang='lat' dir='ltr'><strong>quiex</strong></span> <span class='ocrx_word' id='word_1_519' title='bbox 841 3306 1008 3377; x_wconf 87' lang='lat' dir='ltr'><strong>hujusmodi</strong></span> <span class='ocrx_word' id='word_1_520' title='bbox 1018 3307 1059 3362; x_wconf 93' lang='lat' dir='ltr'><strong>lo·</strong></span> <span class='ocrx_word' id='word_1_521' title='bbox 1112 3308 1323 3379; x_wconf 88' lang='lat' dir='ltr'><strong>Scripturarum</strong></span> <span class='ocrx_word' id='word_1_522' title='bbox 1334 3311 1468 3382; x_wconf 88' lang='lat' dir='ltr'><strong>loquendi</strong></span> <span class='ocrx_word' id='word_1_523' title='bbox 1478 3316 1902 3387; x_wconf 70' lang='lat' dir='ltr'><strong>lnodum,qaodiiiaetei·ititvltee</strong></span> 
     </span>
     <span class='ocr_line' id='line_1_43' title="bbox 230 3374 1902 3455; baseline -0.001 -22"><span class='ocrx_word' id='word_1_524' title='bbox 230 3375 391 3434; x_wconf 89' lang='lat' dir='ltr'><strong>cntionibus</strong></span> <span class='ocrx_word' id='word_1_525' title='bbox 413 3374 580 3447; x_wconf 88' lang='lat' dir='ltr'><strong>opinionem</strong></span> <span class='ocrx_word' id='word_1_526' title='bbox 602 3379 637 3430; x_wconf 87' lang='lat' dir='ltr'><strong>dc</strong></span> <span class='ocrx_word' id='word_1_527' title='bbox 658 3375 754 3430; x_wconf 90' lang='lat' dir='ltr'><strong>medio</strong></span> <span class='ocrx_word' id='word_1_528' title='bbox 778 3375 853 3431; x_wconf 92' lang='lat' dir='ltr'><strong>inter</strong></span> <span class='ocrx_word' id='word_1_529' title='bbox 873 3376 998 3448; x_wconf 83' lang='lat' dir='ltr'><strong>gloriam</strong></span> <span class='ocrx_word' id='word_1_530' title='bbox 1024 3394 1057 3433; x_wconf 90' lang='lat' dir='ltr'><strong>ac</strong></span> <span class='ocrx_word' id='word_1_531' title='bbox 1111 3380 1434 3451; x_wconf 71' lang='lat' dir='ltr'><strong>fiteaiitarlleotl’oenoe</strong></span> <span class='ocrx_word' id='word_1_532' title='bbox 1447 3383 1902 3455; x_wconf 78' lang='lat' dir='ltr'><strong>igiturvncattoriemsatrs,utiide</strong></span> 
     </span>
     <span class='ocr_line' id='line_1_44' title="bbox 232 3445 1902 3529; baseline 0.005 -25"><span class='ocrx_word' id='word_1_533' title='bbox 232 3464 332 3521; x_wconf 85' lang='lat' dir='ltr'><strong>poenss</strong></span> <span class='ocrx_word' id='word_1_534' title='bbox 343 3451 419 3503; x_wconf 89' lang='lat' dir='ltr'><strong>stetu</strong></span> <span class='ocrx_word' id='word_1_535' title='bbox 432 3445 576 3518; x_wconf 83' lang='lat' dir='ltr'><strong>affingunt</strong></span> <span class='ocrx_word' id='word_1_536' title='bbox 589 3448 688 3502; x_wconf 90' lang='lat' dir='ltr'><strong>sancto</strong></span> <span class='ocrx_word' id='word_1_537' title='bbox 703 3445 824 3502; x_wconf 91' lang='lat' dir='ltr'><strong>antistiti</strong></span> <span class='ocrx_word' id='word_1_538' title='bbox 838 3462 844 3503; x_wconf 93' lang='lat'>:</span> <span class='ocrx_word' id='word_1_539' title='bbox 857 3462 982 3518; x_wconf 87' lang='lat' dir='ltr'><strong>namque</strong></span> <span class='ocrx_word' id='word_1_540' title='bbox 994 3448 1058 3503; x_wconf 87' lang='lat' dir='ltr'><strong>inii·</strong></span> <span class='ocrx_word' id='word_1_541' title='bbox 1112 3456 1168 3516; x_wconf 92' lang='lat' dir='ltr'><strong>tur,</strong></span> <span class='ocrx_word' id='word_1_542' title='bbox 1179 3450 1330 3522; x_wconf 87' lang='lat' dir='ltr'><strong>explicavit</strong></span> <span class='ocrx_word' id='word_1_543' title='bbox 1341 3453 1457 3510; x_wconf 80' lang='lat' dir='ltr'><strong>Nicetes</strong></span> <span class='ocrx_word' id='word_1_544' title='bbox 1478 3459 1568 3512; x_wconf 83' lang='lat' dir='ltr'><strong>etlam</strong></span> <span class='ocrx_word' id='word_1_545' title='bbox 1586 3474 1617 3512; x_wconf 88' lang='lat' dir='ltr'><strong>in</strong></span> <span class='ocrx_word' id='word_1_546' title='bbox 1642 3476 1706 3529; x_wconf 90' lang='lat' dir='ltr'><strong>ipso</strong></span> <span class='ocrx_word' id='word_1_547' title='bbox 1723 3464 1759 3513; x_wconf 81' lang='lat' dir='ltr'><strong>ad</strong></span> <span class='ocrx_word' id='word_1_548' title='bbox 1770 3451 1902 3526; x_wconf 61' lang='lat' dir='ltr'><strong>apest</strong></span> 
     </span>
     <span class='ocr_line' id='line_1_45' title="bbox 230 3517 1903 3600; baseline 0.002 -25"><span class='ocrx_word' id='word_1_549' title='bbox 230 3520 299 3576; x_wconf 91' lang='lat' dir='ltr'><strong>nitis</strong></span> <span class='ocrx_word' id='word_1_550' title='bbox 314 3518 383 3575; x_wconf 89' lang='lat' dir='ltr'><strong>loeis</strong></span> <span class='ocrx_word' id='word_1_551' title='bbox 394 3517 643 3573; x_wconf 83' lang='lat' dir='ltr'><strong>immortalitatem</strong></span> <span class='ocrx_word' id='word_1_552' title='bbox 653 3517 799 3589; x_wconf 89' lang='lat' dir='ltr'><strong>suppliciis</strong></span> <span class='ocrx_word' id='word_1_553' title='bbox 808 3521 824 3569; x_wconf 83' lang='grc' dir='ltr'><strong>ἀ</strong></span> <span class='ocrx_word' id='word_1_554' title='bbox 831 3522 918 3590; x_wconf 75' lang='grc' dir='ltr'><strong><em>μέσως</em></strong></span> <span class='ocrx_word' id='word_1_555' title='bbox 926 3519 1056 3590; x_wconf 88' lang='lat' dir='ltr'><strong>opponit,</strong></span> <span class='ocrx_word' id='word_1_556' title='bbox 1115 3520 1201 3589; x_wconf 88' lang='lat' dir='ltr'><strong>bello,</strong></span> <span class='ocrx_word' id='word_1_557' title='bbox 1214 3537 1272 3576; x_wconf 89' lang='lat' dir='ltr'><strong>non</strong></span> <span class='ocrx_word' id='word_1_558' title='bbox 1282 3523 1397 3593; x_wconf 88' lang='lat' dir='ltr'><strong>quidem</strong></span> <span class='ocrx_word' id='word_1_559' title='bbox 1407 3542 1458 3597; x_wconf 88' lang='lat' dir='ltr'><strong>per</strong></span> <span class='ocrx_word' id='word_1_560' title='bbox 1472 3533 1579 3584; x_wconf 86' lang='lat' dir='ltr'><strong>etatum</strong></span> <span class='ocrx_word' id='word_1_561' title='bbox 1589 3533 1717 3600; x_wconf 87' lang='lat' dir='ltr'><strong>aliquem</strong></span> <span class='ocrx_word' id='word_1_562' title='bbox 1728 3530 1843 3584; x_wconf 86' lang='lat' dir='ltr'><strong>medium</strong></span> <span class='ocrx_word' id='word_1_563' title='bbox 1849 3524 1903 3579; x_wconf 80' lang='lat' dir='ltr'><strong>uter</strong></span> 
     </span>
     <span class='ocr_line' id='line_1_46' title="bbox 230 3588 1901 3672; baseline 0.004 -25"><span class='ocrx_word' id='word_1_564' title='bbox 230 3597 262 3648; x_wconf 92' lang='lat' dir='ltr'><strong>ut</strong></span> <span class='ocrx_word' id='word_1_565' title='bbox 276 3591 306 3646; x_wconf 90' lang='lat' dir='ltr'><strong>in</strong></span> <span class='ocrx_word' id='word_1_566' title='bbox 325 3591 378 3647; x_wconf 88' lang='lat' dir='ltr'><strong>bec</strong></span> <span class='ocrx_word' id='word_1_567' title='bbox 392 3590 453 3661; x_wconf 89' lang='lat' dir='ltr'><strong>ipsa</strong></span> <span class='ocrx_word' id='word_1_568' title='bbox 468 3589 608 3655; x_wconf 89' lang='lat' dir='ltr'><strong>oratione,</strong></span> <span class='ocrx_word' id='word_1_569' title='bbox 625 3604 705 3645; x_wconf 90' lang='lat' dir='ltr'><strong>num.</strong></span> <span class='ocrx_word' id='word_1_570' title='bbox 722 3589 750 3654; x_wconf 82' lang='lat'><strong>8,</strong></span> <span class='ocrx_word' id='word_1_571' title='bbox 762 3604 847 3660; x_wconf 80' lang='lat' dir='ltr'><strong>pnite</strong></span> <span class='ocrx_word' id='word_1_572' title='bbox 858 3588 994 3654; x_wconf 85' lang='lat' dir='ltr'><strong>addictos,</strong></span> <span class='ocrx_word' id='word_1_573' title='bbox 1007 3593 1058 3645; x_wconf 79' lang='grc' dir='ltr'><strong>ιιι-</strong></span> <span class='ocrx_word' id='word_1_574' title='bbox 1113 3594 1238 3664; x_wconf 87' lang='lat' dir='ltr'><strong>gloriam</strong></span> <span class='ocrx_word' id='word_1_575' title='bbox 1251 3599 1280 3649; x_wconf 88' lang='lat' dir='ltr'><strong>et</strong></span> <span class='ocrx_word' id='word_1_576' title='bbox 1293 3596 1521 3664; x_wconf 88' lang='lat' dir='ltr'><strong>damnationem,</strong></span> <span class='ocrx_word' id='word_1_577' title='bbox 1537 3604 1588 3654; x_wconf 88' lang='lat' dir='ltr'><strong>sad</strong></span> <span class='ocrx_word' id='word_1_578' title='bbox 1599 3616 1653 3671; x_wconf 89' lang='lat' dir='ltr'><strong>per</strong></span> <span class='ocrx_word' id='word_1_579' title='bbox 1664 3602 1757 3672; x_wconf 90' lang='lat' dir='ltr'><strong>ipsum</strong></span> <span class='ocrx_word' id='word_1_580' title='bbox 1769 3599 1901 3672; x_wconf 71' lang='lat' dir='ltr'><strong>glorissis-</strong></span> 
     </span>
     <span class='ocr_line' id='line_1_47' title="bbox 231 3660 1901 3744; baseline 0.005 -26"><span class='ocrx_word' id='word_1_581' title='bbox 231 3661 395 3718; x_wconf 83' lang='lat' dir='ltr'><strong>mertniitati</strong></span> <span class='ocrx_word' id='word_1_582' title='bbox 405 3661 516 3717; x_wconf 75' lang='lat' dir='ltr'><strong>debitos.</strong></span> <span class='ocrx_word' id='word_1_583' title='bbox 531 3660 613 3725; x_wconf 84' lang='lat' dir='ltr'><strong>Quod</strong></span> <span class='ocrx_word' id='word_1_584' title='bbox 626 3660 742 3732; x_wconf 87' lang='lat' dir='ltr'><strong>quidem</strong></span> <span class='ocrx_word' id='word_1_585' title='bbox 756 3660 779 3715; x_wconf 92' lang='lat' dir='ltr'><strong>si</strong></span> <span class='ocrx_word' id='word_1_586' title='bbox 790 3660 917 3715; x_wconf 82' lang='lat' dir='ltr'><strong>loannes</strong></span> <span class='ocrx_word' id='word_1_587' title='bbox 932 3661 1058 3719; x_wconf 80' lang='lat' dir='ltr'><strong>Dallseus</strong></span> <span class='ocrx_word' id='word_1_588' title='bbox 1111 3670 1173 3719; x_wconf 89' lang='lat' dir='ltr'><strong>tum</strong></span> <span class='ocrx_word' id='word_1_589' title='bbox 1188 3664 1217 3718; x_wconf 93' lang='lat' dir='ltr'><strong>in</strong></span> <span class='ocrx_word' id='word_1_590' title='bbox 1232 3666 1305 3720; x_wconf 82' lang='lat' dir='ltr'><strong>cmlo</strong></span> <span class='ocrx_word' id='word_1_591' title='bbox 1316 3680 1382 3721; x_wconf 91' lang='lat' dir='ltr'><strong>cum</strong></span> <span class='ocrx_word' id='word_1_592' title='bbox 1398 3669 1507 3738; x_wconf 65' lang='lat' dir='ltr'><strong>beatisp</strong></span> <span class='ocrx_word' id='word_1_593' title='bbox 1522 3674 1575 3725; x_wconf 90' lang='lat' dir='ltr'><strong>etsi</strong></span> <span class='ocrx_word' id='word_1_594' title='bbox 1592 3674 1695 3744; x_wconf 75' lang='lat' dir='ltr'><strong>gloriae</strong></span> <span class='ocrx_word' id='word_1_595' title='bbox 1710 3676 1823 3728; x_wconf 85' lang='lat' dir='ltr'><strong>tortasse</strong></span> <span class='ocrx_word' id='word_1_596' title='bbox 1833 3669 1901 3732; x_wconf 66' lang='lat' dir='ltr'><strong>ctist*</strong></span> 
     </span>
     <span class='ocr_line' id='line_1_48' title="bbox 231 3731 1902 3815; baseline 0 -26"><span class='ocrx_word' id='word_1_597' title='bbox 231 3733 369 3789; x_wconf 84' lang='lat' dir='ltr'><strong>attentius</strong></span> <span class='ocrx_word' id='word_1_598' title='bbox 389 3731 608 3797; x_wconf 86' lang='lat' dir='ltr'><strong>considerasset,</strong></span> <span class='ocrx_word' id='word_1_599' title='bbox 632 3732 748 3788; x_wconf 88' lang='lat' dir='ltr'><strong>casdem</strong></span> <span class='ocrx_word' id='word_1_600' title='bbox 767 3731 902 3803; x_wconf 89' lang='lat' dir='ltr'><strong>loquendi</strong></span> <span class='ocrx_word' id='word_1_601' title='bbox 916 3731 1057 3789; x_wconf 88' lang='lat' dir='ltr'><strong>iormulas</strong></span> <span class='ocrx_word' id='word_1_602' title='bbox 1111 3742 1160 3791; x_wconf 89' lang='lat' dir='ltr'><strong>eut</strong></span> <span class='ocrx_word' id='word_1_603' title='bbox 1171 3735 1263 3791; x_wconf 85' lang='lat' dir='ltr'><strong>intimi</strong></span> <span class='ocrx_word' id='word_1_604' title='bbox 1272 3740 1391 3808; x_wconf 85' lang='lat' dir='ltr'><strong>gradus.</strong></span> <span class='ocrx_word' id='word_1_605' title='bbox 1403 3741 1506 3808; x_wconf 72' lang='lat' dir='ltr'><strong>Quidni</strong></span> <span class='ocrx_word' id='word_1_606' title='bbox 1518 3757 1585 3797; x_wconf 86' lang='lat' dir='ltr'><strong>vero</strong></span> <span class='ocrx_word' id='word_1_607' title='bbox 1596 3759 1648 3815; x_wconf 88' lang='lat' dir='ltr'><strong>per</strong></span> <span class='ocrx_word' id='word_1_608' title='bbox 1662 3747 1746 3799; x_wconf 86' lang='lat' dir='ltr'><strong>verbo</strong></span> <span class='ocrx_word' id='word_1_609' title='bbox 1755 3745 1809 3809; x_wconf 88' lang='lat' dir='ltr'><strong>illa,</strong></span> <span class='ocrx_word' id='word_1_610' title='bbox 1818 3739 1859 3795; x_wconf 85' lang='lat' dir='ltr'><strong>etsi</strong></span> <span class='ocrx_word' id='word_1_611' title='bbox 1866 3749 1902 3790; x_wconf 88' lang='grc' dir='ltr'><strong>ιιι</strong></span> 
     </span>
     <span class='ocr_line' id='line_1_49' title="bbox 232 3801 1902 3885; baseline 0.005 -27"><span class='ocrx_word' id='word_1_612' title='bbox 232 3803 344 3859; x_wconf 87' lang='lat' dir='ltr'><strong>minore</strong></span> <span class='ocrx_word' id='word_1_613' title='bbox 353 3802 460 3858; x_wconf 82' lang='lat' dir='ltr'><strong>invidia</strong></span> <span class='ocrx_word' id='word_1_614' title='bbox 473 3801 724 3858; x_wconf 86' lang='lat' dir='ltr'><strong>traduxissetlibro</strong></span> <span class='ocrx_word' id='word_1_615' title='bbox 735 3819 753 3858; x_wconf 90' lang='grc' dir='ltr'><strong>ιι</strong></span> <span class='ocrx_word' id='word_1_616' title='bbox 765 3804 800 3858; x_wconf 88' lang='lat' dir='ltr'><strong>de</strong></span> <span class='ocrx_word' id='word_1_617' title='bbox 814 3819 866 3859; x_wconf 90' lang='lat' dir='ltr'><strong>usu</strong></span> <span class='ocrx_word' id='word_1_618' title='bbox 884 3803 1000 3859; x_wconf 81' lang='lat' dir='ltr'><strong>Petrum</strong></span> <span class='ocrx_word' id='word_1_619' title='bbox 1010 3819 1056 3861; x_wconf 89' lang='lat' dir='ltr'><strong>ca·</strong></span> <span class='ocrx_word' id='word_1_620' title='bbox 1110 3806 1236 3878; x_wconf 70' lang='lat' dir='ltr'><strong>ebrium,</strong></span> <span class='ocrx_word' id='word_1_621' title='bbox 1252 3808 1406 3865; x_wconf 87' lang='lat' dir='ltr'><strong>intenderit</strong></span> <span class='ocrx_word' id='word_1_622' title='bbox 1417 3812 1531 3869; x_wconf 83' lang='lat' dir='ltr'><strong>Nicetes</strong></span> <span class='ocrx_word' id='word_1_623' title='bbox 1542 3815 1718 3885; x_wconf 84' lang='lat' dir='ltr'><strong>peculiarem</strong></span> <span class='ocrx_word' id='word_1_624' title='bbox 1730 3821 1805 3870; x_wconf 91' lang='lat' dir='ltr'><strong>illam</strong></span> <span class='ocrx_word' id='word_1_625' title='bbox 1818 3817 1902 3866; x_wconf 76' lang='lat' dir='ltr'><strong>tanwffi</strong></span> 
     </span>
     <span class='ocr_line' id='line_1_50' title="bbox 231 3873 1902 3957; baseline 0.002 -27"><span class='ocrx_word' id='word_1_626' title='bbox 231 3875 290 3947; x_wconf 90' lang='lat' dir='ltr'><strong>pite</strong></span> <span class='ocrx_word' id='word_1_627' title='bbox 303 3875 331 3929; x_wconf 64' lang='lat' dir='ltr'><strong>b</strong></span> <span class='ocrx_word' id='word_1_628' title='bbox 352 3894 363 3922; x_wconf 77' lang='grc' dir='ltr'><strong>ι</strong></span> <span class='ocrx_word' id='word_1_629' title='bbox 380 3873 533 3928; x_wconf 83' lang='lat' dir='ltr'><strong>Salvianus</strong></span> <span class='ocrx_word' id='word_1_630' title='bbox 542 3879 704 3944; x_wconf 71' lang='lat' dir='ltr'><strong>quoqueiut</strong></span> <span class='ocrx_word' id='word_1_631' title='bbox 717 3878 837 3929; x_wconf 78' lang='lat' dir='ltr'><strong>caeteros</strong></span> <span class='ocrx_word' id='word_1_632' title='bbox 850 3888 925 3929; x_wconf 92' lang='lat' dir='ltr'><strong>nunc</strong></span> <span class='ocrx_word' id='word_1_633' title='bbox 935 3880 1055 3945; x_wconf 78' lang='lat' dir='ltr'><strong>practer·</strong></span> <span class='ocrx_word' id='word_1_634' title='bbox 1111 3882 1198 3949; x_wconf 88' lang='lat' dir='ltr'><strong>atque</strong></span> <span class='ocrx_word' id='word_1_635' title='bbox 1210 3880 1407 3937; x_wconf 86' lang='lat' dir='ltr'><strong>sublimiorem</strong></span> <span class='ocrx_word' id='word_1_636' title='bbox 1421 3882 1451 3938; x_wconf 90' lang='lat' dir='ltr'><strong>in</strong></span> <span class='ocrx_word' id='word_1_637' title='bbox 1465 3884 1544 3940; x_wconf 84' lang='lat' dir='ltr'><strong>coelis</strong></span> <span class='ocrx_word' id='word_1_638' title='bbox 1556 3887 1683 3957; x_wconf 85' lang='lat' dir='ltr'><strong>gloriam</strong></span> <span class='ocrx_word' id='word_1_639' title='bbox 1693 3884 1902 3957; x_wconf 83' lang='lat' dir='ltr'><strong>virginibusdestl·</strong></span> 
     </span>
     <span class='ocr_line' id='line_1_51' title="bbox 231 3943 1903 4072; baseline 0.003 -70"><span class='ocrx_word' id='word_1_640' title='bbox 231 3944 623 4072; x_wconf 47' lang='lat' dir='ltr'><strong>eemusgquieademNicetie</strong></span> <span class='ocrx_word' id='word_1_641' title='bbox 631 3943 1056 4009; x_wconf 79' lang='lat' dir='ltr'><strong>etatelloruit,mentemsuam</strong></span> <span class='ocrx_word' id='word_1_642' title='bbox 1111 3957 1223 4015; x_wconf 79' lang='lat' dir='ltr'><strong>numm,</strong></span> <span class='ocrx_word' id='word_1_643' title='bbox 1234 3965 1322 4020; x_wconf 89' lang='lat' dir='ltr'><strong>quem</strong></span> <span class='ocrx_word' id='word_1_644' title='bbox 1336 3956 1412 4009; x_wconf 89' lang='lat' dir='ltr'><strong>certe</strong></span> <span class='ocrx_word' id='word_1_645' title='bbox 1428 3970 1544 4024; x_wconf 88' lang='lat' dir='ltr'><strong>sperare</strong></span> <span class='ocrx_word' id='word_1_646' title='bbox 1564 3974 1727 4030; x_wconf 86' lang='lat' dir='ltr'><strong>numquam</strong></span> <span class='ocrx_word' id='word_1_647' title='bbox 1749 3972 1814 4014; x_wconf 88' lang='lat' dir='ltr'><strong>ause</strong></span> <span class='ocrx_word' id='word_1_648' title='bbox 1831 3951 1903 4008; x_wconf 77' lang='lat' dir='ltr'><strong>ione</strong></span> 
     </span>
     <span class='ocr_line' id='line_1_52' title="bbox 231 4014 1902 4101; baseline 0.002 -27"><span class='ocrx_word' id='word_1_649' title='bbox 231 4032 317 4090; x_wconf 90' lang='lat' dir='ltr'><strong>snper</strong></span> <span class='ocrx_word' id='word_1_650' title='bbox 351 4016 461 4087; x_wconf 88' lang='lat' dir='ltr'><strong>aeipsa</strong></span> <span class='ocrx_word' id='word_1_651' title='bbox 480 4030 510 4070; x_wconf 92' lang='lat' dir='ltr'><strong>re</strong></span> <span class='ocrx_word' id='word_1_652' title='bbox 530 4014 634 4071; x_wconf 89' lang='lat' dir='ltr'><strong>clarius</strong></span> <span class='ocrx_word' id='word_1_653' title='bbox 650 4014 884 4071; x_wconf 77' lang='lat' dir='ltr'><strong>manifestaverat</strong></span> <span class='ocrx_word' id='word_1_654' title='bbox 898 4017 1058 4073; x_wconf 90' lang='lat' dir='ltr'><strong>eodemci·</strong></span> <span class='ocrx_word' id='word_1_655' title='bbox 1112 4022 1303 4092; x_wconf 87' lang='lat' dir='ltr'><strong>postlepsum</strong></span> <span class='ocrx_word' id='word_1_656' title='bbox 1325 4039 1410 4079; x_wconf 88' lang='lat' dir='ltr'><strong>suum</strong></span> <span class='ocrx_word' id='word_1_657' title='bbox 1425 4041 1503 4097; x_wconf 81' lang='lat' dir='ltr'><strong>virgo</strong></span> <span class='ocrx_word' id='word_1_658' title='bbox 1521 4028 1744 4101; x_wconf 80' lang='lat' dir='ltr'><strong>iltaloemlrage</strong></span> <span class='ocrx_word' id='word_1_659' title='bbox 1760 4023 1902 4100; x_wconf 76' lang='lat' dir='ltr'><strong>quantilibet</strong></span> 
     </span>
     <span class='ocr_line' id='line_1_53' title="bbox 231 4085 1902 4166; baseline 0.005 -20"><span class='ocrx_word' id='word_1_660' title='bbox 231 4094 293 4147; x_wconf 91' lang='lat' dir='ltr'><strong>tato</strong></span> <span class='ocrx_word' id='word_1_661' title='bbox 308 4089 379 4144; x_wconf 90' lang='lat' dir='ltr'><strong>libro</strong></span> <span class='ocrx_word' id='word_1_662' title='bbox 396 4088 539 4143; x_wconf 75' lang='lat' dir='ltr'><strong>Adversus</strong></span> <span class='ocrx_word' id='word_1_663' title='bbox 552 4085 718 4152; x_wconf 70' lang='lat' dir='ltr'><strong>leentiam,</strong></span> <span class='ocrx_word' id='word_1_664' title='bbox 728 4086 819 4158; x_wconf 90' lang='lat' dir='ltr'><strong>capite</strong></span> <span class='ocrx_word' id='word_1_665' title='bbox 829 4086 864 4159; x_wconf 81' lang='lat'><strong>33</strong></span> <span class='ocrx_word' id='word_1_666' title='bbox 877 4086 925 4142; x_wconf 92' lang='lat' dir='ltr'><strong>ubi</strong></span> <span class='ocrx_word' id='word_1_667' title='bbox 936 4089 970 4143; x_wconf 90' lang='lat' dir='ltr'><strong>de</strong></span> <span class='ocrx_word' id='word_1_668' title='bbox 980 4093 1058 4144; x_wconf 86' lang='lat' dir='ltr'><strong>stetu</strong></span> <span class='ocrx_word' id='word_1_669' title='bbox 1112 4090 1291 4163; x_wconf 78' lang='lat' dir='ltr'><strong>poenitentia,</strong></span> <span class='ocrx_word' id='word_1_670' title='bbox 1310 4099 1341 4148; x_wconf 92' lang='lat' dir='ltr'><strong>ut</strong></span> <span class='ocrx_word' id='word_1_671' title='bbox 1351 4096 1458 4166; x_wconf 89' lang='lat' dir='ltr'><strong>optime</strong></span> <span class='ocrx_word' id='word_1_672' title='bbox 1473 4106 1616 4155; x_wconf 88' lang='lat' dir='ltr'><strong>annotant</strong></span> <span class='ocrx_word' id='word_1_673' title='bbox 1629 4107 1668 4156; x_wconf 88' lang='lat' dir='ltr'><strong>ed</strong></span> <span class='ocrx_word' id='word_1_674' title='bbox 1682 4106 1757 4157; x_wconf 87' lang='lat' dir='ltr'><strong>bunc</strong></span> <span class='ocrx_word' id='word_1_675' title='bbox 1768 4111 1848 4155; x_wconf 82' lang='lat' dir='ltr'><strong>locam</strong></span> <span class='ocrx_word' id='word_1_676' title='bbox 1860 4094 1902 4145; x_wconf 78' lang='lat'><strong>¹⁸¹¹·</strong></span> 
     </span>
     <span class='ocr_line' id='line_1_54' title="bbox 233 4157 1954 4243; baseline 0.003 -27"><span class='ocrx_word' id='word_1_677' title='bbox 233 4162 398 4241; x_wconf 84' lang='lat' dir='ltr'><strong>animarum</strong></span> <span class='ocrx_word' id='word_1_678' title='bbox 416 4176 435 4215; x_wconf 88' lang='lat' dir='ltr'><strong>a</strong></span> <span class='ocrx_word' id='word_1_679' title='bbox 448 4159 780 4240; x_wconf 32' lang='lat' dir='ltr'><strong>corpore&#39;sejunctarum</strong></span> <span class='ocrx_word' id='word_1_680' title='bbox 799 4157 929 4240; x_wconf 81' lang='lat' dir='ltr'><strong>loquens,</strong></span> <span class='ocrx_word' id='word_1_681' title='bbox 945 4160 1058 4215; x_wconf 90' lang='lat' dir='ltr'><strong>nullum</strong></span> <span class='ocrx_word' id='word_1_682' title='bbox 1112 4162 1903 4243; x_wconf 75' lang='lat' dir='ltr'><strong>douMuurlulllubrosiauorumupsromeoltoresiidtuc</strong></span> <span class='ocrx_word' id='word_1_683' title='bbox 1953 4229 1954 4232; x_wconf 8' lang='grc' dir='ltr'><strong>Ἴ</strong></span> 
     </span>
     <span class='ocr_line' id='line_1_55' title="bbox 232 4229 1902 4304; baseline 0.003 -17"><span class='ocrx_word' id='word_1_684' title='bbox 232 4230 353 4288; x_wconf 87' lang='lat' dir='ltr'><strong>omnino</strong></span> <span class='ocrx_word' id='word_1_685' title='bbox 366 4235 442 4285; x_wconf 90' lang='lat' dir='ltr'><strong>inter</strong></span> <span class='ocrx_word' id='word_1_686' title='bbox 454 4230 672 4286; x_wconf 80' lang='lat' dir='ltr'><strong>damnationem</strong></span> <span class='ocrx_word' id='word_1_687' title='bbox 687 4237 716 4285; x_wconf 92' lang='lat' dir='ltr'><strong>et</strong></span> <span class='ocrx_word' id='word_1_688' title='bbox 735 4229 857 4300; x_wconf 86' lang='lat' dir='ltr'><strong>gloriam</strong></span> <span class='ocrx_word' id='word_1_689' title='bbox 872 4232 980 4286; x_wconf 86' lang='lat' dir='ltr'><strong>statum</strong></span> <span class='ocrx_word' id='word_1_690' title='bbox 999 4246 1058 4286; x_wconf 87' lang='lat' dir='ltr'><strong>me·</strong></span> <span class='ocrx_word' id='word_1_691' title='bbox 1112 4233 1209 4304; x_wconf 90' lang='lat' dir='ltr'><strong>itaque</strong></span> <span class='ocrx_word' id='word_1_692' title='bbox 1221 4234 1329 4289; x_wconf 89' lang='lat' dir='ltr'><strong>l&#39;acilitis</strong></span> <span class='ocrx_word' id='word_1_693' title='bbox 1341 4252 1371 4291; x_wconf 90' lang='lat' dir='ltr'><strong>iu</strong></span> <span class='ocrx_word' id='word_1_694' title='bbox 1385 4244 1805 4299; x_wconf 81' lang='lat' dir='ltr'><strong>rectumcommunisdoctriuae</strong></span> <span class='ocrx_word' id='word_1_695' title='bbox 1817 4244 1902 4292; x_wconf 74' lang='lat' dir='ltr'><strong>sentiit</strong></span> 
     </span>
     <span class='ocr_line' id='line_1_56' title="bbox 233 4300 1902 4386; baseline 0.004 -28"><span class='ocrx_word' id='word_1_696' title='bbox 233 4302 312 4359; x_wconf 90' lang='lat' dir='ltr'><strong>dium</strong></span> <span class='ocrx_word' id='word_1_697' title='bbox 328 4300 502 4373; x_wconf 89' lang='lat' dir='ltr'><strong>proeisdem</strong></span> <span class='ocrx_word' id='word_1_698' title='bbox 517 4301 643 4371; x_wconf 87' lang='lat' dir='ltr'><strong>agnovit.</strong></span> <span class='ocrx_word' id='word_1_699' title='bbox 670 4323 681 4350; x_wconf 81' lang='lat' dir='ltr'><strong>s</strong></span> <span class='ocrx_word' id='word_1_700' title='bbox 711 4300 1057 4372; x_wconf 75' lang='lat' dir='ltr'><strong>Ecceiturusesiinquit,</strong></span> <span class='ocrx_word' id='word_1_701' title='bbox 1113 4304 1902 4386; x_wconf 78' lang='lat' dir='ltr'><strong>Nicetaenostrtveroanaoesmusscsusuplamusopor·</strong></span> 
     </span>
     <span class='ocr_line' id='line_1_57' title="bbox 233 4370 1903 4457; baseline 0.005 -29"><span class='ocrx_word' id='word_1_702' title='bbox 233 4370 1060 4442; x_wconf 79' lang='lat' dir='ltr'><strong>almumhominemoompellans)‚ituruses,inleiieissime</strong></span> <span class='ocrx_word' id='word_1_703' title='bbox 1116 4378 1903 4457; x_wconf 66' lang='lat' dir='ltr'><strong>tal;uturdumllluulimcomposimortsmprocapua</strong></span> 
     </span>
     <span class='ocr_line' id='line_1_58' title="bbox 233 4442 1901 4528; baseline 0.005 -31"><span class='ocrx_word' id='word_1_704' title='bbox 233 4443 375 4506; x_wconf 85' lang='lat' dir='ltr'><strong>omniurn,</strong></span> <span class='ocrx_word' id='word_1_705' title='bbox 384 4443 421 4497; x_wconf 90' lang='lat' dir='ltr'><strong>ad</strong></span> <span class='ocrx_word' id='word_1_706' title='bbox 431 4457 551 4496; x_wconf 88' lang='lat' dir='ltr'><strong>examen</strong></span> <span class='ocrx_word' id='word_1_707' title='bbox 563 4458 687 4507; x_wconf 86' lang='lat' dir='ltr'><strong>sacrum,</strong></span> <span class='ocrx_word' id='word_1_708' title='bbox 699 4444 736 4498; x_wconf 89' lang='lat' dir='ltr'><strong>ad</strong></span> <span class='ocrx_word' id='word_1_709' title='bbox 744 4442 928 4498; x_wconf 90' lang='lat' dir='ltr'><strong>tremendum</strong></span> <span class='ocrx_word' id='word_1_710' title='bbox 936 4442 1008 4499; x_wconf 91' lang='lat' dir='ltr'><strong>iilud</strong></span> <span class='ocrx_word' id='word_1_711' title='bbox 1017 4443 1059 4499; x_wconf 92' lang='lat' dir='ltr'><strong>in·</strong></span> <span class='ocrx_word' id='word_1_712' title='bbox 1104 4446 1153 4502; x_wconf 58' lang='lat' dir='ltr'><strong>,tis</strong></span> <span class='ocrx_word' id='word_1_713' title='bbox 1165 4447 1278 4513; x_wconf 87' lang='lat' dir='ltr'><strong>adultis,</strong></span> <span class='ocrx_word' id='word_1_714' title='bbox 1289 4454 1424 4507; x_wconf 87' lang='lat' dir='ltr'><strong>eumdem</strong></span> <span class='ocrx_word' id='word_1_715' title='bbox 1432 4462 1600 4527; x_wconf 88' lang='lat' dir='ltr'><strong>neutiquam</strong></span> <span class='ocrx_word' id='word_1_716' title='bbox 1610 4460 1760 4513; x_wconf 84' lang='lat' dir='ltr'><strong>admisisse</strong></span> <span class='ocrx_word' id='word_1_717' title='bbox 1765 4454 1901 4528; x_wconf 63' lang='lat' dir='ltr'><strong>iudicanti</strong></span> 
     </span>
     <span class='ocr_line' id='line_1_59' title="bbox 233 4512 1902 4601; baseline 0.008 -33"><span class='ocrx_word' id='word_1_718' title='bbox 233 4514 474 4592; x_wconf 82' lang='lat' dir='ltr'><strong>tolerandumque</strong></span> <span class='ocrx_word' id='word_1_719' title='bbox 495 4512 646 4583; x_wconf 90' lang='lat' dir='ltr'><strong>judicium,</strong></span> <span class='ocrx_word' id='word_1_720' title='bbox 670 4512 718 4568; x_wconf 90' lang='lat' dir='ltr'><strong>ubi</strong></span> <span class='ocrx_word' id='word_1_721' title='bbox 741 4514 933 4594; x_wconf 80' lang='lat' dir='ltr'><strong>peregrinanti</strong></span> <span class='ocrx_word' id='word_1_722' title='bbox 954 4514 1060 4570; x_wconf 79' lang='lat' dir='ltr'><strong>anima</strong></span> <span class='ocrx_word' id='word_1_723' title='bbox 1150 4518 1269 4575; x_wconf 87' lang='lat' dir='ltr'><strong>Gravius</strong></span> <span class='ocrx_word' id='word_1_724' title='bbox 1280 4536 1354 4577; x_wconf 90' lang='lat' dir='ltr'><strong>nunc</strong></span> <span class='ocrx_word' id='word_1_725' title='bbox 1372 4525 1481 4596; x_wconf 88' lang='lat' dir='ltr'><strong>aliquid</strong></span> <span class='ocrx_word' id='word_1_726' title='bbox 1494 4534 1574 4583; x_wconf 87' lang='lat' dir='ltr'><strong>sexto</strong></span> <span class='ocrx_word' id='word_1_727' title='bbox 1589 4530 1651 4585; x_wconf 89' lang='lat' dir='ltr'><strong>loco</strong></span> <span class='ocrx_word' id='word_1_728' title='bbox 1666 4542 1818 4601; x_wconf 79' lang='lat' dir='ltr'><strong>expendere</strong></span> <span class='ocrx_word' id='word_1_729' title='bbox 1830 4531 1902 4592; x_wconf 57' lang='lat' dir='ltr'><strong>titt*</strong></span> 
     </span>
     <span class='ocr_line' id='line_1_60' title="bbox 234 4584 1903 4672; baseline 0.003 -32"><span class='ocrx_word' id='word_1_730' title='bbox 234 4587 321 4664; x_wconf 83' lang='lat' dir='ltr'><strong>etque</strong></span> <span class='ocrx_word' id='word_1_731' title='bbox 332 4597 424 4640; x_wconf 76' lang='lat' dir='ltr'><strong>anxia</strong></span> <span class='ocrx_word' id='word_1_732' title='bbox 448 4586 561 4636; x_wconf 90' lang='lat' dir='ltr'><strong>nuttam</strong></span> <span class='ocrx_word' id='word_1_733' title='bbox 582 4588 676 4654; x_wconf 90' lang='lat' dir='ltr'><strong>potest</strong></span> <span class='ocrx_word' id='word_1_734' title='bbox 698 4599 817 4664; x_wconf 28' lang='lat' dir='ltr'><strong>omninno</strong></span> <span class='ocrx_word' id='word_1_735' title='bbox 832 4601 894 4665; x_wconf 80' lang='lat' dir='ltr'><strong>esse</strong></span> <span class='ocrx_word' id='word_1_736' title='bbox 912 4584 1060 4654; x_wconf 89' lang='lat' dir='ltr'><strong>solatium,</strong></span> <span class='ocrx_word' id='word_1_737' title='bbox 1114 4589 1221 4656; x_wconf 89' lang='lat' dir='ltr'><strong>dimur,</strong></span> <span class='ocrx_word' id='word_1_738' title='bbox 1237 4597 1313 4662; x_wconf 91' lang='lat' dir='ltr'><strong>quod</strong></span> <span class='ocrx_word' id='word_1_739' title='bbox 1327 4597 1363 4649; x_wconf 91' lang='lat' dir='ltr'><strong>ad</strong></span> <span class='ocrx_word' id='word_1_740' title='bbox 1382 4605 1493 4652; x_wconf 83' lang='lat' dir='ltr'><strong>rectam</strong></span> <span class='ocrx_word' id='word_1_741' title='bbox 1507 4599 1612 4658; x_wconf 77' lang='lat' dir='ltr'><strong>ilicetie</strong></span> <span class='ocrx_word' id='word_1_742' title='bbox 1626 4604 1715 4658; x_wconf 89' lang='lat' dir='ltr'><strong>tidem</strong></span> <span class='ocrx_word' id='word_1_743' title='bbox 1728 4601 1829 4672; x_wconf 87' lang='lat' dir='ltr'><strong>spectat</strong></span> <span class='ocrx_word' id='word_1_744' title='bbox 1846 4610 1869 4646; x_wconf 90' lang='lat' dir='ltr'><strong>iu</strong></span> <span class='ocrx_word' id='word_1_745' title='bbox 1882 4599 1903 4639; x_wconf 76' lang='lat' dir='ltr'><strong>tt</strong></span> 
     </span>
     <span class='ocr_line' id='line_1_61' title="bbox 234 4653 1903 4734; baseline 0.007 -24"><span class='ocrx_word' id='word_1_746' title='bbox 234 4670 290 4711; x_wconf 88' lang='lat' dir='ltr'><strong>nist</strong></span> <span class='ocrx_word' id='word_1_747' title='bbox 313 4655 376 4710; x_wconf 86' lang='lat' dir='ltr'><strong>sole</strong></span> <span class='ocrx_word' id='word_1_748' title='bbox 389 4653 591 4707; x_wconf 75' lang='lat' dir='ltr'><strong>antummodo</strong></span> <span class='ocrx_word' id='word_1_749' title='bbox 613 4654 689 4708; x_wconf 89' lang='lat' dir='ltr'><strong>bona</strong></span> <span class='ocrx_word' id='word_1_750' title='bbox 708 4660 928 4711; x_wconf 69' lang='lat' dir='ltr'><strong>conscientia...</strong></span> <span class='ocrx_word' id='word_1_751' title='bbox 948 4657 996 4712; x_wconf 93' lang='lat' dir='ltr'><strong>ubi</strong></span> <span class='ocrx_word' id='word_1_752' title='bbox 1012 4673 1061 4712; x_wconf 93' lang='lat' dir='ltr'><strong>reo</strong></span> <span class='ocrx_word' id='word_1_753' title='bbox 1115 4661 1214 4734; x_wconf 88' lang='lat' dir='ltr'><strong>magni</strong></span> <span class='ocrx_word' id='word_1_754' title='bbox 1228 4665 1379 4721; x_wconf 69' lang='lat' dir='ltr'><strong>momenti</strong></span> <span class='ocrx_word' id='word_1_755' title='bbox 1389 4668 1706 4728; x_wconf 84' lang='lat' dir='ltr'><strong>Novatlanorumeliim</strong></span> <span class='ocrx_word' id='word_1_756' title='bbox 1720 4663 1903 4727; x_wconf 59' lang='lat' dir='ltr'><strong>redonaret·</strong></span> 
     </span>
     <span class='ocr_line' id='line_1_62' title="bbox 235 4723 1903 4814; baseline 0.01 -32"><span class='ocrx_word' id='word_1_757' title='bbox 235 4725 346 4782; x_wconf 88' lang='lat' dir='ltr'><strong>bomini</strong></span> <span class='ocrx_word' id='word_1_758' title='bbox 361 4723 474 4781; x_wconf 91' lang='lat' dir='ltr'><strong>llnllum</strong></span> <span class='ocrx_word' id='word_1_759' title='bbox 485 4723 782 4797; x_wconf 87' lang='lat' dir='ltr'><strong>estadjutorium,nisi</strong></span> <span class='ocrx_word' id='word_1_760' title='bbox 797 4725 859 4782; x_wconf 89' lang='lat' dir='ltr'><strong>sola</strong></span> <span class='ocrx_word' id='word_1_761' title='bbox 873 4741 955 4782; x_wconf 87' lang='lat' dir='ltr'><strong>melis</strong></span> <span class='ocrx_word' id='word_1_762' title='bbox 969 4727 1060 4800; x_wconf 86' lang='lat' dir='ltr'><strong>larga,</strong></span> <span class='ocrx_word' id='word_1_763' title='bbox 1116 4747 1181 4787; x_wconf 90' lang='lat' dir='ltr'><strong>rum</strong></span> <span class='ocrx_word' id='word_1_764' title='bbox 1196 4735 1286 4789; x_wconf 90' lang='lat' dir='ltr'><strong>errori</strong></span> <span class='ocrx_word' id='word_1_765' title='bbox 1298 4736 1426 4794; x_wconf 85' lang='lat' dir='ltr'><strong>Nicetam</strong></span> <span class='ocrx_word' id='word_1_766' title='bbox 1439 4742 1689 4814; x_wconf 78' lang='lat' dir='ltr'><strong>larissaeuspicati</strong></span> <span class='ocrx_word' id='word_1_767' title='bbox 1703 4750 1769 4799; x_wconf 90' lang='lat' dir='ltr'><strong>sunt</strong></span> <span class='ocrx_word' id='word_1_768' title='bbox 1780 4743 1903 4810; x_wconf 69' lang='lat' dir='ltr'><strong>aliquali·</strong></span> 
     </span>
     <span class='ocr_line' id='line_1_63' title="bbox 235 4794 1902 4885; baseline 0.004 -31"><span class='ocrx_word' id='word_1_769' title='bbox 235 4798 290 4854; x_wconf 89' lang='lat' dir='ltr'><strong>nisi</strong></span> <span class='ocrx_word' id='word_1_770' title='bbox 300 4795 470 4871; x_wconf 86' lang='lat' dir='ltr'><strong>poenitentia</strong></span> <span class='ocrx_word' id='word_1_771' title='bbox 480 4794 671 4852; x_wconf 75' lang='lat' dir='ltr'><strong>fructuosa...</strong></span> <span class='ocrx_word' id='word_1_772' title='bbox 683 4795 730 4849; x_wconf 90' lang='lat' dir='ltr'><strong>ubi</strong></span> <span class='ocrx_word' id='word_1_773' title='bbox 746 4796 869 4868; x_wconf 91' lang='lat' dir='ltr'><strong>denique</strong></span> <span class='ocrx_word' id='word_1_774' title='bbox 880 4813 931 4868; x_wconf 93' lang='lat' dir='ltr'><strong>pro</strong></span> <span class='ocrx_word' id='word_1_775' title='bbox 941 4798 1060 4855; x_wconf 88' lang='lat' dir='ltr'><strong>diversi·</strong></span> <span class='ocrx_word' id='word_1_776' title='bbox 1115 4818 1166 4874; x_wconf 89' lang='lat' dir='ltr'><strong>per</strong></span> <span class='ocrx_word' id='word_1_777' title='bbox 1179 4810 1360 4875; x_wconf 86' lang='lat' dir='ltr'><strong>peccatorum</strong></span> <span class='ocrx_word' id='word_1_778' title='bbox 1373 4811 1542 4868; x_wconf 89' lang='lat' dir='ltr'><strong>remissione</strong></span> <span class='ocrx_word' id='word_1_779' title='bbox 1565 4815 1657 4870; x_wconf 87' lang='lat' dir='ltr'><strong>insuo</strong></span> <span class='ocrx_word' id='word_1_780' title='bbox 1667 4817 1823 4885; x_wconf 74' lang='lat' dir='ltr'><strong>adlapsam</strong></span> <span class='ocrx_word' id='word_1_781' title='bbox 1833 4807 1902 4861; x_wconf 75' lang='lat' dir='ltr'><strong>noelli</strong></span> 
     </span>
     <span class='ocr_line' id='line_1_64' title="bbox 235 4853 1903 4957; baseline 0.002 -31"><span class='ocrx_word' id='word_1_782' title='bbox 235 4875 296 4928; x_wconf 88' lang='lat' dir='ltr'><strong>tete</strong></span> <span class='ocrx_word' id='word_1_783' title='bbox 315 4867 494 4933; x_wconf 88' lang='lat' dir='ltr'><strong>meritorum,</strong></span> <span class='ocrx_word' id='word_1_784' title='bbox 509 4872 560 4923; x_wconf 86' lang='lat' dir='ltr'><strong>sut</strong></span> <span class='ocrx_word' id='word_1_785' title='bbox 575 4882 718 4948; x_wconf 78' lang='lat' dir='ltr'><strong>suminam</strong></span> <span class='ocrx_word' id='word_1_786' title='bbox 737 4867 845 4923; x_wconf 89' lang='lat' dir='ltr'><strong>bunum</strong></span> <span class='ocrx_word' id='word_1_787' title='bbox 860 4868 998 4936; x_wconf 88' lang='lat' dir='ltr'><strong>invenies,</strong></span> <span class='ocrx_word' id='word_1_788' title='bbox 1013 4874 1063 4925; x_wconf 91' lang='lat' dir='ltr'><strong>ant</strong></span> <span class='ocrx_word' id='word_1_789' title='bbox 1115 4873 1208 4946; x_wconf 87' lang='lat' dir='ltr'><strong>capite</strong></span> <span class='ocrx_word' id='word_1_790' title='bbox 1222 4881 1249 4940; x_wconf 85' lang='lat'><strong>8,</strong></span> <span class='ocrx_word' id='word_1_791' title='bbox 1266 4891 1345 4932; x_wconf 89' lang='lat' dir='ltr'><strong>num.</strong></span> <span class='ocrx_word' id='word_1_792' title='bbox 1358 4880 1403 4946; x_wconf 78' lang='lat' dir='ltr'><strong>la,</strong></span> <span class='ocrx_word' id='word_1_793' title='bbox 1427 4884 1474 4938; x_wconf 87' lang='lat' dir='ltr'><strong>ubi</strong></span> <span class='ocrx_word' id='word_1_794' title='bbox 1487 4887 1530 4939; x_wconf 87' lang='lat' dir='ltr'><strong>its</strong></span> <span class='ocrx_word' id='word_1_795' title='bbox 1543 4853 1656 4957; x_wconf 64' lang='lat' dir='ltr'><strong>lapsam</strong></span> <span class='ocrx_word' id='word_1_796' title='bbox 1675 4903 1756 4944; x_wconf 84' lang='lat' dir='ltr'><strong>sumn</strong></span> <span class='ocrx_word' id='word_1_797' title='bbox 1776 4883 1903 4950; x_wconf 72' lang='lat' dir='ltr'><strong>illoquent-</strong></span> 
     </span>
     <span class='ocr_line' id='line_1_65' title="bbox 234 4937 1902 5028; baseline 0.008 -30"><span class='ocrx_word' id='word_1_798' title='bbox 234 4956 383 4998; x_wconf 86' lang='lat' dir='ltr'><strong>sammum</strong></span> <span class='ocrx_word' id='word_1_799' title='bbox 410 4938 531 5005; x_wconf 85' lang='lat' dir='ltr'><strong>malurn,</strong></span> <span class='ocrx_word' id='word_1_800' title='bbox 568 4944 619 4994; x_wconf 91' lang='lat' dir='ltr'><strong>aut</strong></span> <span class='ocrx_word' id='word_1_801' title='bbox 638 4937 808 5022; x_wconf 25' lang='lat' dir='ltr'><strong>&#39;immortale</strong></span> <span class='ocrx_word' id='word_1_802' title='bbox 833 4940 983 5022; x_wconf 79' lang='lat' dir='ltr'><strong>presulum,</strong></span> <span class='ocrx_word' id='word_1_803' title='bbox 1013 4946 1064 4998; x_wconf 87' lang='lat' dir='ltr'><strong>aut</strong></span> <span class='ocrx_word' id='word_1_804' title='bbox 1116 4949 1184 5002; x_wconf 89' lang='lat' dir='ltr'><strong>tar:</strong></span> <span class='ocrx_word' id='word_1_805' title='bbox 1201 4969 1214 4995; x_wconf 75' lang='lat' dir='ltr'><strong>l</strong></span> <span class='ocrx_word' id='word_1_806' title='bbox 1230 4950 1340 5005; x_wconf 83' lang='lat' dir='ltr'><strong>lnbaere</strong></span> <span class='ocrx_word' id='word_1_807' title='bbox 1353 4954 1526 5022; x_wconf 86' lang='lat' dir='ltr'><strong>poenitentiie</strong></span> <span class='ocrx_word' id='word_1_808' title='bbox 1539 4960 1677 5028; x_wconf 90' lang='lat' dir='ltr'><strong>usquead</strong></span> <span class='ocrx_word' id='word_1_809' title='bbox 1690 4963 1838 5014; x_wconf 73' lang='lat' dir='ltr'><strong>exuemuul</strong></span> <span class='ocrx_word' id='word_1_810' title='bbox 1851 4953 1902 5018; x_wconf 53' lang='grc' dir='ltr'><strong>ιιι·</strong></span> 
     </span>
     <span class='ocr_line' id='line_1_66' title="bbox 233 5010 1903 5090; baseline 0.006 -22"><span class='ocrx_word' id='word_1_811' title='bbox 233 5014 297 5071; x_wconf 89' lang='lat' dir='ltr'><strong>sine</strong></span> <span class='ocrx_word' id='word_1_812' title='bbox 305 5014 560 5069; x_wconf 86' lang='lat' dir='ltr'><strong>linetormentntn.</strong></span> <span class='ocrx_word' id='word_1_813' title='bbox 569 5031 584 5058; x_wconf 77' lang='lat' dir='ltr'><strong>a</strong></span> <span class='ocrx_word' id='word_1_814' title='bbox 595 5010 716 5067; x_wconf 84' lang='lat' dir='ltr'><strong>Ubinam</strong></span> <span class='ocrx_word' id='word_1_815' title='bbox 726 5011 772 5066; x_wconf 91' lang='lat' dir='ltr'><strong>bic</strong></span> <span class='ocrx_word' id='word_1_816' title='bbox 782 5011 895 5066; x_wconf 92' lang='lat' dir='ltr'><strong>medius</strong></span> <span class='ocrx_word' id='word_1_817' title='bbox 903 5011 951 5067; x_wconf 93' lang='lat' dir='ltr'><strong>llle</strong></span> <span class='ocrx_word' id='word_1_818' title='bbox 959 5017 1062 5084; x_wconf 87' lang='lat' dir='ltr'><strong>statiis,</strong></span> <span class='ocrx_word' id='word_1_819' title='bbox 1116 5031 1169 5073; x_wconf 91' lang='lat' dir='ltr'><strong>nec</strong></span> <span class='ocrx_word' id='word_1_820' title='bbox 1183 5015 1233 5071; x_wconf 90' lang='lat' dir='ltr'><strong>tibi</strong></span> <span class='ocrx_word' id='word_1_821' title='bbox 1246 5035 1400 5090; x_wconf 79' lang='lat' dir='ltr'><strong>presumas</strong></span> <span class='ocrx_word' id='word_1_822' title='bbox 1411 5031 1447 5080; x_wconf 90' lang='lat' dir='ltr'><strong>sb</strong></span> <span class='ocrx_word' id='word_1_823' title='bbox 1456 5031 1586 5084; x_wconf 88' lang='lat' dir='ltr'><strong>bumaria</strong></span> <span class='ocrx_word' id='word_1_824' title='bbox 1594 5030 1640 5085; x_wconf 88' lang='lat' dir='ltr'><strong>die</strong></span> <span class='ocrx_word' id='word_1_825' title='bbox 1651 5046 1762 5086; x_wconf 84' lang='lat' dir='ltr'><strong>reniam</strong></span> <span class='ocrx_word' id='word_1_826' title='bbox 1774 5025 1903 5087; x_wconf 73' lang='lat' dir='ltr'><strong>dar13qi¹⁸</strong></span> 
     </span>
     <span class='ocr_line' id='line_1_67' title="bbox 234 5082 1902 5170; baseline 0.001 -22"><span class='ocrx_word' id='word_1_827' title='bbox 234 5082 434 5159; x_wconf 69' lang='grc' dir='ltr'><strong>υθῳιθειοῐίῑθ</strong></span> <span class='ocrx_word' id='word_1_828' title='bbox 449 5097 539 5153; x_wconf 56' lang='lat' dir='ltr'><strong>neque</strong></span> <span class='ocrx_word' id='word_1_829' title='bbox 560 5098 720 5153; x_wconf 68' lang='lat' dir='ltr'><strong>lloessffilm.</strong></span> <span class='ocrx_word' id='word_1_830' title='bbox 743 5098 829 5165; x_wconf 76' lang='lat' dir='ltr'><strong>quem</strong></span> <span class='ocrx_word' id='word_1_831' title='bbox 848 5082 1063 5165; x_wconf 73' lang='lat' dir='ltr'><strong>Salvianussn·</strong></span> <span class='ocrx_word' id='word_1_832' title='bbox 1117 5089 1224 5161; x_wconf 86' lang='lat' dir='ltr'><strong>decipit</strong></span> <span class='ocrx_word' id='word_1_833' title='bbox 1238 5097 1265 5146; x_wconf 90' lang='lat' dir='ltr'><strong>te</strong></span> <span class='ocrx_word' id='word_1_834' title='bbox 1280 5108 1328 5163; x_wconf 93' lang='lat' dir='ltr'><strong>qul</strong></span> <span class='ocrx_word' id='word_1_835' title='bbox 1344 5096 1398 5150; x_wconf 91' lang='lat' dir='ltr'><strong>boc</strong></span> <span class='ocrx_word' id='word_1_836' title='bbox 1423 5097 1473 5152; x_wconf 92' lang='lat' dir='ltr'><strong>tibi</strong></span> <span class='ocrx_word' id='word_1_837' title='bbox 1484 5101 1612 5170; x_wconf 86' lang='lat' dir='ltr'><strong>polliceri</strong></span> <span class='ocrx_word' id='word_1_838' title='bbox 1629 5104 1756 5157; x_wconf 87' lang='lat' dir='ltr'><strong>volucrit.</strong></span> <span class='ocrx_word' id='word_1_839' title='bbox 1776 5105 1836 5164; x_wconf 72' lang='lat' dir='ltr'><strong>oue</strong></span> <span class='ocrx_word' id='word_1_840' title='bbox 1849 5099 1902 5145; x_wconf 72' lang='lat' dir='ltr'><strong>etti</strong></span> 
     </span>
     <span class='ocr_line' id='line_1_68' title="bbox 235 5152 1903 5243; baseline 0 -30"><span class='ocrx_word' id='word_1_841' title='bbox 235 5163 330 5229; x_wconf 87' lang='lat' dir='ltr'><strong>perlue</strong></span> <span class='ocrx_word' id='word_1_842' title='bbox 342 5156 431 5234; x_wconf 88' lang='lat' dir='ltr'><strong>allato</strong></span> <span class='ocrx_word' id='word_1_843' title='bbox 446 5152 509 5210; x_wconf 88' lang='lat' dir='ltr'><strong>loco</strong></span> <span class='ocrx_word' id='word_1_844' title='bbox 530 5157 590 5208; x_wconf 84' lang='lat' dir='ltr'><strong>lam</strong></span> <span class='ocrx_word' id='word_1_845' title='bbox 606 5152 735 5235; x_wconf 77' lang='lat' dir='ltr'><strong>absolute</strong></span> <span class='ocrx_word' id='word_1_846' title='bbox 748 5169 868 5211; x_wconf 87' lang='lat' dir='ltr'><strong>innuere</strong></span> <span class='ocrx_word' id='word_1_847' title='bbox 889 5154 1064 5212; x_wconf 77' lang='lat' dir='ltr'><strong>ridebatur?</strong></span> <span class='ocrx_word' id='word_1_848' title='bbox 1118 5176 1233 5242; x_wconf 84' lang='lat' dir='ltr'><strong>proprie</strong></span> <span class='ocrx_word' id='word_1_849' title='bbox 1248 5162 1277 5216; x_wconf 91' lang='lat' dir='ltr'><strong>in</strong></span> <span class='ocrx_word' id='word_1_850' title='bbox 1289 5165 1445 5223; x_wconf 80' lang='lat' dir='ltr'><strong>bominum</strong></span> <span class='ocrx_word' id='word_1_851' title='bbox 1457 5173 1581 5241; x_wconf 84' lang='lat' dir='ltr'><strong>peccasti</strong></span> <span class='ocrx_word' id='word_1_852' title='bbox 1600 5181 1636 5228; x_wconf 87' lang='lat' dir='ltr'><strong>ab</strong></span> <span class='ocrx_word' id='word_1_853' title='bbox 1653 5189 1714 5243; x_wconf 90' lang='lat' dir='ltr'><strong>ipso</strong></span> <span class='ocrx_word' id='word_1_854' title='bbox 1728 5177 1786 5227; x_wconf 86' lang='lat' dir='ltr'><strong>soto</strong></span> <span class='ocrx_word' id='word_1_855' title='bbox 1798 5179 1822 5222; x_wconf 85' lang='lat' dir='ltr'><strong>tc</strong></span> <span class='ocrx_word' id='word_1_856' title='bbox 1833 5169 1903 5218; x_wconf 75' lang='lat' dir='ltr'><strong>oouir</strong></span> 
     </span>
     <span class='ocr_line' id='line_1_69' title="bbox 235 5225 1902 5311; baseline 0.005 -27"><span class='ocrx_word' id='word_1_857' title='bbox 235 5230 362 5284; x_wconf 87' lang='lat' dir='ltr'><strong>Obscura</strong></span> <span class='ocrx_word' id='word_1_858' title='bbox 375 5226 463 5297; x_wconf 87' lang='lat' dir='ltr'><strong>igitur</strong></span> <span class='ocrx_word' id='word_1_859' title='bbox 475 5240 528 5308; x_wconf 86' lang='lat' dir='ltr'><strong>per</strong></span> <span class='ocrx_word' id='word_1_860' title='bbox 541 5225 619 5280; x_wconf 90' lang='lat' dir='ltr'><strong>clara</strong></span> <span class='ocrx_word' id='word_1_861' title='bbox 633 5229 741 5296; x_wconf 89' lang='lat' dir='ltr'><strong>optime</strong></span> <span class='ocrx_word' id='word_1_862' title='bbox 754 5226 952 5292; x_wconf 87' lang='lat' dir='ltr'><strong>enucleantur,</strong></span> <span class='ocrx_word' id='word_1_863' title='bbox 963 5227 986 5283; x_wconf 91' lang='lat' dir='ltr'><strong>si</strong></span> <span class='ocrx_word' id='word_1_864' title='bbox 995 5227 1063 5282; x_wconf 89' lang='lat' dir='ltr'><strong>scri·</strong></span> <span class='ocrx_word' id='word_1_865' title='bbox 1119 5233 1162 5287; x_wconf 89' lang='lat' dir='ltr'><strong>uit</strong></span> <span class='ocrx_word' id='word_1_866' title='bbox 1174 5249 1202 5287; x_wconf 87' lang='lat' dir='ltr'><strong>lli</strong></span> <span class='ocrx_word' id='word_1_867' title='bbox 1216 5232 1262 5289; x_wconf 88' lang='lat' dir='ltr'><strong>die</strong></span> <span class='ocrx_word' id='word_1_868' title='bbox 1271 5237 1373 5308; x_wconf 79' lang='lat' dir='ltr'><strong>Judi&#39;cii</strong></span> <span class='ocrx_word' id='word_1_869' title='bbox 1387 5249 1551 5311; x_wconf 65' lang='lat' dir='ltr'><strong>exspecter-e</strong></span> <span class='ocrx_word' id='word_1_870' title='bbox 1568 5259 1737 5300; x_wconf 57' lang='lat' dir='ltr'><strong>remensum.</strong></span> <span class='ocrx_word' id='word_1_871' title='bbox 1753 5265 1762 5291; x_wconf 80' lang='grc' dir='ltr'><strong>ι</strong></span> <span class='ocrx_word' id='word_1_872' title='bbox 1777 5225 1902 5301; x_wconf 65' lang='lat' dir='ltr'><strong>listaqllj</strong></span> 
     </span>
     <span class='ocr_line' id='line_1_70' title="bbox 236 5296 1902 5385; baseline 0.001 -30"><span class='ocrx_word' id='word_1_873' title='bbox 236 5306 331 5372; x_wconf 89' lang='lat' dir='ltr'><strong>ptores</strong></span> <span class='ocrx_word' id='word_1_874' title='bbox 353 5296 538 5369; x_wconf 88' lang='lat' dir='ltr'><strong>scriptoribus</strong></span> <span class='ocrx_word' id='word_1_875' title='bbox 560 5296 755 5378; x_wconf 80' lang='lat' dir='ltr'><strong>conseramus,</strong></span> <span class='ocrx_word' id='word_1_876' title='bbox 776 5296 824 5351; x_wconf 91' lang='lat' dir='ltr'><strong>nbi</strong></span> <span class='ocrx_word' id='word_1_877' title='bbox 844 5297 940 5379; x_wconf 84' lang='lat' dir='ltr'><strong>plures</strong></span> <span class='ocrx_word' id='word_1_878' title='bbox 969 5299 1064 5354; x_wconf 89' lang='lat' dir='ltr'><strong>adsint</strong></span> <span class='ocrx_word' id='word_1_879' title='bbox 1121 5319 1211 5376; x_wconf 90' lang='lat' dir='ltr'><strong>usque</strong></span> <span class='ocrx_word' id='word_1_880' title='bbox 1225 5308 1261 5360; x_wconf 89' lang='lat' dir='ltr'><strong>ad</strong></span> <span class='ocrx_word' id='word_1_881' title='bbox 1280 5313 1442 5365; x_wconf 84' lang='lat' dir='ltr'><strong>extremuni</strong></span> <span class='ocrx_word' id='word_1_882' title='bbox 1459 5321 1521 5369; x_wconf 82' lang='lat' dir='ltr'><strong>ritus</strong></span> <span class='ocrx_word' id='word_1_883' title='bbox 1535 5301 1902 5385; x_wconf 76' lang='lat' dir='ltr'><strong>poeuiteutiamagercdetrti</strong></span> 
     </span>
     <span class='ocr_line' id='line_1_71' title="bbox 236 5367 1903 5457; baseline 0.003 -31"><span class='ocrx_word' id='word_1_884' title='bbox 236 5372 320 5426; x_wconf 89' lang='lat' dir='ltr'><strong>unius</strong></span> <span class='ocrx_word' id='word_1_885' title='bbox 330 5371 519 5450; x_wconf 77' lang='lat' dir='ltr'><strong>ejusdemque</strong></span> <span class='ocrx_word' id='word_1_886' title='bbox 538 5371 684 5438; x_wconf 86' lang='lat' dir='ltr'><strong>scriptoris</strong></span> <span class='ocrx_word' id='word_1_887' title='bbox 695 5367 933 5435; x_wconf 88' lang='lat' dir='ltr'><strong>elucubrationes,</strong></span> <span class='ocrx_word' id='word_1_888' title='bbox 950 5374 1000 5424; x_wconf 86' lang='lat' dir='ltr'><strong>aut</strong></span> <span class='ocrx_word' id='word_1_889' title='bbox 1016 5370 1062 5426; x_wconf 90' lang='lat' dir='ltr'><strong>tibi</strong></span> <span class='ocrx_word' id='word_1_890' title='bbox 1121 5375 1201 5448; x_wconf 87' lang='lat' dir='ltr'><strong>virgo</strong></span> <span class='ocrx_word' id='word_1_891' title='bbox 1215 5375 1762 5457; x_wconf 79' lang='lat' dir='ltr'><strong>baeclapse,juxtadisciplrnamdequa</strong></span> <span class='ocrx_word' id='word_1_892' title='bbox 1770 5383 1903 5452; x_wconf 68' lang='lat' dir='ltr'><strong>capitium·</strong></span> 
     </span>
    </p>
   </div>
   <div class='ocr_carea' id='block_1_3' title="bbox 237 5438 1953 5589">
    <p class='ocr_par' dir='ltr' id='par_1_3' title="bbox 237 5438 1953 5589">
     <span class='ocr_line' id='line_1_72' title="bbox 237 5438 1953 5529; baseline 0.01 -33"><span class='ocrx_word' id='word_1_893' title='bbox 237 5441 373 5522; x_wconf 79' lang='lat' dir='ltr'><strong>prolixior</strong></span> <span class='ocrx_word' id='word_1_894' title='bbox 385 5440 488 5496; x_wconf 87' lang='lat' dir='ltr'><strong>eadem</strong></span> <span class='ocrx_word' id='word_1_895' title='bbox 512 5438 550 5494; x_wconf 89' lang='lat' dir='ltr'><strong>sit</strong></span> <span class='ocrx_word' id='word_1_896' title='bbox 568 5438 753 5520; x_wconf 76' lang='lat' dir='ltr'><strong>elucubratio,</strong></span> <span class='ocrx_word' id='word_1_897' title='bbox 777 5442 806 5519; x_wconf 78' lang='lat' dir='ltr'><strong>et</strong></span> <span class='ocrx_word' id='word_1_898' title='bbox 829 5454 916 5522; x_wconf 79' lang='lat' dir='ltr'><strong>causa</strong></span> <span class='ocrx_word' id='word_1_899' title='bbox 933 5441 1065 5512; x_wconf 90' lang='lat' dir='ltr'><strong>scriptori</strong></span> <span class='ocrx_word' id='word_1_900' title='bbox 1120 5447 1232 5528; x_wconf 79' lang='lat' dir='ltr'><strong>cedenti</strong></span> <span class='ocrx_word' id='word_1_901' title='bbox 1246 5449 1353 5505; x_wconf 90' lang='lat' dir='ltr'><strong>dictum</strong></span> <span class='ocrx_word' id='word_1_902' title='bbox 1366 5459 1420 5509; x_wconf 86' lang='lat' dir='ltr'><strong>luit</strong></span> <span class='ocrx_word' id='word_1_903' title='bbox 1434 5461 1521 5527; x_wconf 87' lang='lat' dir='ltr'><strong>:quid</strong></span> <span class='ocrx_word' id='word_1_904' title='bbox 1532 5467 1576 5512; x_wconf 85' lang='lat' dir='ltr'><strong>est</strong></span> <span class='ocrx_word' id='word_1_905' title='bbox 1587 5474 1671 5523; x_wconf 89' lang='lat' dir='ltr'><strong>nuuc,</strong></span> <span class='ocrx_word' id='word_1_906' title='bbox 1692 5465 1766 5529; x_wconf 84' lang='lat' dir='ltr'><strong>quod</strong></span> <span class='ocrx_word' id='word_1_907' title='bbox 1778 5449 1902 5527; x_wconf 61' lang='lat' dir='ltr'><strong>prettffl‘</strong></span> <span class='ocrx_word' id='word_1_908' title='bbox 1952 5469 1953 5482; x_wconf 63' lang='lat'>¹</span> 
     </span>
     <span class='ocr_line' id='line_1_73' title="bbox 237 5507 1902 5589; baseline 0.011 -23"><span class='ocrx_word' id='word_1_909' title='bbox 237 5526 296 5567; x_wconf 90' lang='lat' dir='ltr'><strong>non</strong></span> <span class='ocrx_word' id='word_1_910' title='bbox 311 5511 384 5566; x_wconf 86' lang='lat' dir='ltr'><strong>desit</strong></span> <span class='ocrx_word' id='word_1_911' title='bbox 397 5527 458 5565; x_wconf 90' lang='lat' dir='ltr'><strong>rem</strong></span> <span class='ocrx_word' id='word_1_912' title='bbox 478 5509 612 5566; x_wconf 87' lang='lat' dir='ltr'><strong>eamdem</strong></span> <span class='ocrx_word' id='word_1_913' title='bbox 630 5514 732 5565; x_wconf 88' lang='lat' dir='ltr'><strong>iterato</strong></span> <span class='ocrx_word' id='word_1_914' title='bbox 752 5511 922 5582; x_wconf 83' lang='lat' dir='ltr'><strong>attingendi.</strong></span> <span class='ocrx_word' id='word_1_915' title='bbox 937 5512 1064 5568; x_wconf 84' lang='lat' dir='ltr'><strong>Tentan-</strong></span> <span class='ocrx_word' id='word_1_916' title='bbox 1121 5532 1183 5589; x_wconf 88' lang='lat' dir='ltr'><strong>ipsa</strong></span> <span class='ocrx_word' id='word_1_917' title='bbox 1198 5535 1256 5574; x_wconf 92' lang='lat' dir='ltr'><strong>non</strong></span> <span class='ocrx_word' id='word_1_918' title='bbox 1272 5523 1418 5580; x_wconf 84' lang='lat' dir='ltr'><strong>debeatne</strong></span> <span class='ocrx_word' id='word_1_919' title='bbox 1434 5527 1553 5583; x_wconf 79' lang='lat' dir='ltr'><strong>trainensi</strong></span> <span class='ocrx_word' id='word_1_920' title='bbox 1567 5533 1613 5588; x_wconf 76' lang='lat' dir='ltr'><strong>itte</strong></span> <span class='ocrx_word' id='word_1_921' title='bbox 1627 5529 1679 5586; x_wconf 80' lang='lat' dir='ltr'><strong>sitii</strong></span> <span class='ocrx_word' id='word_1_922' title='bbox 1694 5542 1797 5583; x_wconf 79' lang='lat' dir='ltr'><strong>verirent</strong></span> <span class='ocrx_word' id='word_1_923' title='bbox 1808 5507 1902 5584; x_wconf 55' lang='lat' dir='ltr'><strong>iiiiii*</strong></span> 
     </span>
    </p>
   </div>
   <div class='ocr_carea' id='block_1_4' title="bbox 237 5580 1902 5898">
    <p class='ocr_par' dir='ltr' id='par_1_4' title="bbox 237 5580 1902 5818">
     <span class='ocr_line' id='line_1_74' title="bbox 238 5580 1902 5670; baseline 0.01 -38"><span class='ocrx_word' id='word_1_924' title='bbox 238 5583 307 5639; x_wconf 87' lang='lat' dir='ltr'><strong>dum</strong></span> <span class='ocrx_word' id='word_1_925' title='bbox 317 5580 581 5652; x_wconf 87' lang='lat' dir='ltr'><strong>proptereaaliquid</strong></span> <span class='ocrx_word' id='word_1_926' title='bbox 592 5580 757 5662; x_wconf 79' lang='lat' dir='ltr'><strong>hujusmodi</strong></span> <span class='ocrx_word' id='word_1_927' title='bbox 773 5580 915 5664; x_wconf 84' lang='lat' dir='ltr'><strong>estetiam</strong></span> <span class='ocrx_word' id='word_1_928' title='bbox 926 5580 1067 5665; x_wconf 70' lang='lat' dir='ltr'><strong>inlticeta</strong></span> <span class='ocrx_word' id='word_1_929' title='bbox 1121 5595 1165 5645; x_wconf 82' lang='lat' dir='ltr'><strong>e&#39;st</strong></span> <span class='ocrx_word' id='word_1_930' title='bbox 1177 5594 1253 5663; x_wconf 89' lang='lat' dir='ltr'><strong>quod</strong></span> <span class='ocrx_word' id='word_1_931' title='bbox 1263 5608 1377 5664; x_wconf 85' lang='lat' dir='ltr'><strong>sperare</strong></span> <span class='ocrx_word' id='word_1_932' title='bbox 1394 5613 1452 5654; x_wconf 88' lang='lat' dir='ltr'><strong>nou</strong></span> <span class='ocrx_word' id='word_1_933' title='bbox 1469 5601 1559 5670; x_wconf 89' lang='lat' dir='ltr'><strong>possit</strong></span> <span class='ocrx_word' id='word_1_934' title='bbox 1573 5607 1609 5657; x_wconf 87' lang='lat' dir='ltr'><strong>ab</strong></span> <span class='ocrx_word' id='word_1_935' title='bbox 1621 5602 1749 5658; x_wconf 72' lang='lat' dir='ltr'><strong>ardeae</strong></span> <span class='ocrx_word' id='word_1_936' title='bbox 1759 5583 1902 5668; x_wconf 57' lang='lat' dir='ltr'><strong>dalmatii</strong></span> 
     </span>
     <span class='ocr_line' id='line_1_75' title="bbox 237 5649 1902 5745; baseline 0.017 -38"><span class='ocrx_word' id='word_1_937' title='bbox 237 5656 356 5732; x_wconf 65' lang='lat' dir='ltr'><strong>metio:</strong></span> <span class='ocrx_word' id='word_1_938' title='bbox 368 5654 450 5733; x_wconf 82' lang='lat' dir='ltr'><strong>quod</strong></span> <span class='ocrx_word' id='word_1_939' title='bbox 463 5653 584 5707; x_wconf 78' lang='lat' dir='ltr'><strong>tortame</strong></span> <span class='ocrx_word' id='word_1_940' title='bbox 597 5649 710 5707; x_wconf 82' lang='lat' dir='ltr'><strong>facilius</strong></span> <span class='ocrx_word' id='word_1_941' title='bbox 723 5652 847 5719; x_wconf 89' lang='lat' dir='ltr'><strong>cederet,</strong></span> <span class='ocrx_word' id='word_1_942' title='bbox 864 5668 888 5710; x_wconf 92' lang='lat' dir='ltr'><strong>sl</strong></span> <span class='ocrx_word' id='word_1_943' title='bbox 903 5652 961 5711; x_wconf 87' lang='lat' dir='ltr'><strong>alra</strong></span> <span class='ocrx_word' id='word_1_944' title='bbox 979 5655 1066 5722; x_wconf 78' lang='lat' dir='ltr'><strong>illius.</strong></span> <span class='ocrx_word' id='word_1_945' title='bbox 1118 5660 1258 5744; x_wconf 79' lang='lat' dir='ltr'><strong>jiitorium</strong></span> <span class='ocrx_word' id='word_1_946' title='bbox 1268 5669 1326 5722; x_wconf 85' lang='lat' dir='ltr'><strong>sire</strong></span> <span class='ocrx_word' id='word_1_947' title='bbox 1336 5669 1548 5729; x_wconf 87' lang='lat' dir='ltr'><strong>absolutionem</strong></span> <span class='ocrx_word' id='word_1_948' title='bbox 1562 5690 1579 5729; x_wconf 88' lang='grc' dir='ltr'><strong>ι</strong></span> <span class='ocrx_word' id='word_1_949' title='bbox 1587 5674 1719 5745; x_wconf 84' lang='lat' dir='ltr'><strong>peccatis,</strong></span> <span class='ocrx_word' id='word_1_950' title='bbox 1733 5679 1761 5732; x_wconf 84' lang='lat' dir='ltr'><strong>et</strong></span> <span class='ocrx_word' id='word_1_951' title='bbox 1790 5669 1837 5724; x_wconf 64' lang='grc' dir='ltr'><strong>ιιι</strong></span> <span class='ocrx_word' id='word_1_952' title='bbox 1847 5662 1902 5716; x_wconf 66' lang='lat'><strong>“¹⁸¹³</strong></span> 
     </span>
     <span class='ocr_line' id='line_1_76' title="bbox 239 5721 1900 5818; baseline 0.023 -45"><span class='ocrx_word' id='word_1_953' title='bbox 239 5724 494 5804; x_wconf 70' lang='lat' dir='ltr'><strong>quassataiierant,</strong></span> <span class='ocrx_word' id='word_1_954' title='bbox 510 5727 691 5795; x_wconf 86' lang='lat' dir='ltr'><strong>superessent</strong></span> <span class='ocrx_word' id='word_1_955' title='bbox 699 5721 846 5808; x_wconf 66' lang='lat' dir='ltr'><strong>oppansio.</strong></span> <span class='ocrx_word' id='word_1_956' title='bbox 1121 5732 1238 5806; x_wconf 80' lang='lat' dir='ltr'><strong>decipiat</strong></span> <span class='ocrx_word' id='word_1_957' title='bbox 1250 5736 1301 5810; x_wconf 88' lang='lat' dir='ltr'><strong>qui</strong></span> <span class='ocrx_word' id='word_1_958' title='bbox 1314 5737 1369 5796; x_wconf 89' lang='lat' dir='ltr'><strong>boc</strong></span> <span class='ocrx_word' id='word_1_959' title='bbox 1378 5739 1472 5800; x_wconf 88' lang='lat' dir='ltr'><strong>eidem</strong></span> <span class='ocrx_word' id='word_1_960' title='bbox 1482 5745 1612 5818; x_wconf 73' lang='lat' dir='ltr'><strong>pollicem</strong></span> <span class='ocrx_word' id='word_1_961' title='bbox 1627 5744 1740 5803; x_wconf 69' lang='lat' dir='ltr'><strong>tetulit</strong></span> <span class='ocrx_word' id='word_1_962' title='bbox 1747 5755 1759 5818; x_wconf 85' lang='lat'><strong>,·</strong></span> <span class='ocrx_word' id='word_1_963' title='bbox 1822 5733 1900 5809; x_wconf 65' lang='lat' dir='ltr'><em>W</em></span> 
     </span>
    </p>

    <p class='ocr_par' dir='ltr' id='par_1_5' title="bbox 257 5792 1901 5898">
     <span class='ocr_line' id='line_1_77' title="bbox 257 5792 1901 5898; baseline 0.028 -54"><span class='ocrx_word' id='word_1_964' title='bbox 257 5833 280 5848; x_wconf 27' lang='lat'><strong>‚1</strong></span> <span class='ocrx_word' id='word_1_965' title='bbox 300 5804 457 5854; x_wconf 62' lang='lat' dir='ltr'><strong>aarum</strong></span> <span class='ocrx_word' id='word_1_966' title='bbox 469 5792 1068 5860; x_wconf 67' lang='lat' dir='ltr'><strong>smonxlnosbiosaaa-leetsserl·</strong></span> <span class='ocrx_word' id='word_1_967' title='bbox 1122 5803 1203 5867; x_wconf 84' lang='lat' dir='ltr'><strong>olem</strong></span> <span class='ocrx_word' id='word_1_968' title='bbox 1214 5811 1586 5890; x_wconf 76' lang='lat' dir='ltr'><strong>qeeproprt&#39;iltilloeitoiim</strong></span> <span class='ocrx_word' id='word_1_969' title='bbox 1594 5793 1901 5898; x_wconf 49' lang='lat' dir='ltr'><strong>praemialem</strong></span> 
     </span>
    </p>
   </div>
   <div class='ocr_carea' id='block_1_5' title="bbox 0 0 2028 6192">
    <p class='ocr_par' dir='ltr' id='par_1_6' title="bbox 0 0 2028 6192">
     <span class='ocr_line' id='line_1_78' title="bbox 0 0 2028 6192; baseline 0 0"><span class='ocrx_word' id='word_1_970' title='bbox 0 0 2028 6192; x_wconf 95' lang='lat' dir='ltr'><strong> </strong></span> 
     </span>
    </p>
   </div>
  </div>
 </body>
</html>
