4009 6192
111 256 194 333 titt
456 264 488 339 l),
511 262 660 336 ballum
679 266 918 340 bissuii'ii'ito
937 270 974 338 IN
995 273 1026 339 S.
1050 270 1227 339 Nit‘iE'lel.
1244 308 1274 322 -
1293 273 1382 344 'uite
1403 271 1480 342 viil.
1743 279 1820 348 ibid

109 404 314 485 quam-lamen
328 403 475 476 Adelphos
486 406 563 476 apud
573 405 767 477 Aquileienses
774 407 866 464 sancti
874 423 939 480 pro·
951 419 977 482 Α
990 424 1046 480 que
1059 407 1152 465 socius
1167 409 1329 474 horendus,
1345 422 1423 466 anuo
1435 408 1516 475 lll'l,
1537 412 1618 465 tomo
1631 408 1669 466 lll
1680 411 1824 471 Thesauri

107 489 171 547 prie
183 473 253 529 dicti
264 474 380 529 titulum
395 479 425 531 et
435 475 575 532 honorem
589 476 722 533 obtinuit.
737 479 811 543 Quid
825 495 891 536 vero
901 480 937 536 de
990 479 1058 536 nori
1070 479 1288 538 anecdotorum
1300 479 1355 537 col.
1367 480 1447 549 loll,
1458 495 1493 535 ex
1502 495 1557 536 ms.
1567 482 1664 538 codice
1675 491 1819 543 monaste·

108 544 223 600 saecuiis
232 545 332 617 quinto
343 546 568 616 posterioribus?
579 550 639 604 lluo
650 552 763 603 tantum
773 554 838 620 post
856 549 936 606 Nice·
991 550 1026 607 rii
1036 550 1133 607 Sancti
1144 549 1543 607 Germaniitutissiodoreusis
1553 552 1708 625 vulgarunt
1716 556 1819 629 llarty·

107 622 171 671 tam
188 615 226 670 ad
237 621 337 699 nostra
350 633 439 688 usque
450 622 581 699 tempera
591 619 785 701 aquileienses
801 621 935 693 episcopi,
990 622 1124 703 rolopiiim
1134 629 1211 703 celiis
1221 622 1342 676 abrami
1349 622 1544 704 circitermille
1553 625 1606 704 sab
1614 631 1723 681 isauriae
1730 627 1821 683 eoacti

107 688 938 840 tuitbititidtiitiutitittultittittti:
991 694 1819 839 it'ituititutttddblithilditiittt

108 829 935 904 eiusnempePaulinusquiCarolillaguitemporelloruit,
995 834 1104 890 diemx
1120 834 1180 890 lral.
1196 834 1272 902 latii,
1289 850 1381 917 neque
1399 834 1478 892 alibi.
1501 835 1720 893 vetustissimum
1740 838 1820 895 aliud

108 907 139 958 et
150 903 251 956 beatus
261 901 436 956 bertrandus
448 902 496 973 qui
506 903 709 959 mediosaeculo
717 904 937 974 quartodecimo
991 905 1153 976 Hieronymi
1175 907 1337 977 presbytera
1356 907 1466 961 nomios
1488 905 1819 977 {moyssiacensem

108 972 325 1044 aquileiensem
345 972 499 1028 Ecclesiam
514 973 667 1028 illustravit
676 995 685 1041 ;
701 974 740 1029 ila
757 978 796 1047 ut,
813 976 937 1048 exceptis
992 977 1102 1033 circiter
1113 991 1200 1033 uncos
1211 984 1348 1033 sacensis
1356 978 1504 1047 scriptam,
1514 982 1546 1031 ut
1558 981 1625 1032 tuuc
1635 978 1818 1048 aiebat,aute

109 1042 297 1124 martiribus,
311 1043 450 1125 quinque·
463 1043 580 1099 demum
603 1044 799 1116 Aquileienses
813 1046 937 1117 episcopi
992 1046 1165 1104 llartenium
1175 1051 1205 1103 at
1219 1048 1387 1103 Duraudum
1397 1047 1564 1118 vulgaverat
1576 1048 1731 1106 hecherius
1741 1067 1819 1108 anuo

109 1114 940 1191 inseniautmquisanctitatiscultumohtiuucrint,abapo·
993 1118 1074 1185 1661,
1093 1134 1128 1173 ex
1143 1134 1198 1175 ms.
1222 1117 1318 1174 codice
1344 1118 1509 1173 monasterii
1537 1119 1725 1188 Gorheieusis,
1742 1130 1819 1180 tomo

110 1184 226 1249 stolico,
243 1184 455 1256 ulperhibetur,
471 1184 547 1241 illius
561 1187 691 1241 Ecclesioe
704 1187 821 1243 exordio
837 1190 875 1244 ad
887 1204 940 1244 no·
993 1189 1041 1256 lv,
1053 1204 1119 1270 pag.
1133 1189 1185 1243 bit
1201 1188 1396 1270 Spicilegiisui
1409 1189 1536 1259 autiquae
1547 1190 1692 1259 editionis,
1703 1195 1780 1264 quod
1789 1195 1820 1249 in

110 1261 172 1312 stra
188 1272 277 1327 usque
289 1262 430 1327 tempora.
447 1259 585 1321 Quaenam
600 1258 725 1313 aliarum
740 1258 938 1331 Ecclesiarum,
994 1258 1337 1315 editionealteraiu·lolio
1350 1264 1442 1315 eistat
1451 1264 1531 1314 tomo
1542 1261 1567 1317 ll
1577 1277 1642 1332 pag.
1653 1263 1679 1328 l,
1688 1264 1821 1335 quodque

110 1343 186 1399 quas
195 1326 366 1382 Nuratorius
376 1331 607 1383 memoraritaut
616 1345 778 1385 memorare
791 1329 939 1400 potuisset,
995 1329 1152 1386 vallarsius
1167 1329 1196 1384 iu
1209 1346 1260 1385 sua
1274 1330 1332 1386 diii
1345 1330 1510 1400 Hieronymi
1522 1331 1647 1401 Operum
1663 1334 1821 1404 praeclaris·

110 1414 171 1454 non
183 1397 941 1471 ampliorisuorumsauctorumepiscoporumnumero
994 1399 1070 1457 sima
1084 1399 1209 1456 editione
1223 1400 1345 1457 inseruit
1358 1405 1438 1456 tomo
1453 1401 1499 1466 xl,
1513 1417 1578 1472 pag.
1594 1402 1648 1456 ile
1666 1419 1673 1459 :
1692 1408 1777 1475 atque
1792 1404 1822 1459 in

111 1469 279 1550 gloriaturi,
289 1475 373 1524 itsua
385 1469 471 1540 igitur
484 1485 614 1550 censura,
631 1486 821 1542 quaecumque
831 1471 882 1527 ilia
895 1472 942 1528 de·
993 1474 1051 1527 hoc
1065 1474 1103 1527 sd
1116 1487 1136 1527 x
1148 1470 1207 1526 lial.
1222 1471 1290 1526 iulii
1305 1471 1409 1527 Nicetes
1424 1471 1514 1526 nostri
1530 1473 1639 1527 mentio
1651 1472 1755 1545 legitur
1769 1475 1823 1531 hoc

50 1585 54 1589 .
112 1555 197 1596 mum
211 1545 257 1607 sit,
273 1538 423 1595 excludere
437 1541 583 1597 debuisset
595 1541 765 1597 liuralorius
780 1541 940 1615 Aquileien-
995 1543 1083 1599 modo
1095 1560 1102 1594 ι
1113 1542 1281 1614 «Depositis
1288 1547 1396 1598 sanctis
1406 1541 1652 1599 memoriteNiceti
1660 1544 1795 1621 episcopi.
1809 1568 1821 1596 i

112 1627 176 1667 seni
189 1611 357 1677 Ecclesiam,
366 1611 551 1682 quiecertein
561 1611 700 1683 episcopis
711 1613 941 1668 suissanctorum
995 1615 1163 1670 Franciscus
1176 1612 1266 1669 diaria
1278 1613 1470 1670 Florentinius
1485 1613 1563 1668 aliud
1577 1629 1612 1670 ex
1624 1614 1698 1684 aliis,
1711 1620 1740 1674 et
1750 1617 1824 1672 auti·

111 1682 200 1738 titulo
225 1683 359 1752 cultuque
394 1682 565 1738 decorandis
587 1683 710 1739 nimium
733 1683 860 1740 liberalis
883 1700 941 1741 non
996 1683 1151 1755 quissimis,
1173 1689 1202 1740 et
1219 1684 1340 1755 probate
1353 1684 1569 1754 fideicodici'biis
1592 1684 1697 1742 italicis
1720 1687 1824 1744 decimi

114 1753 183 1810 luit.
954 1776 979 1836 B
997 1759 1048 1811 aut
1062 1754 1206 1810 undecimi
1230 1754 1326 1810 saeculi
1340 1756 1402 1826 (sed
1418 1771 1541 1837 quorum
1567 1757 1715 1827 exemplar
1732 1759 1824 1814 multo

152 1824 201 1879 llis
210 1821 374 1895 praemissis,
384 1839 436 1904 pro
447 1823 488 1879 rei
499 1822 619 1879 veritate
631 1823 660 1878 iu
670 1824 797 1895 apricum
808 1824 942 1896 ponenda
996 1825 1085 1883 etiem
1098 1825 1244 1896 antiquius
1257 1824 1367 1891 inisset,
1382 1830 1414 1881 ut
1428 1842 1488 1896 ipse
1502 1825 1632 1882 affirmat
1641 1827 1671 1882 in
1684 1834 1825 1884 scitasua

114 1894 943 2037 :ultiouihttitttbdutitubaldum?
996 1895 1824 2040 {tuitiituttttltdtbiiiitdtuit‘''²‘'tt·

115 2036 602 2109 Romatiauaeciritatisepiscopum
610 2037 944 2094 NicesmseuNicetama
997 2038 1102 2104 batam,
1117 2039 1186 2109 qaod
1209 2040 1431 2110 nuncupandam
1455 2055 1508 2094 isse
1530 2039 1680 2095 liemarum
1694 1986 1824 2113 wopau

116 2108 270 2165 Gennadio
282 2113 485 2174 memoratum,
495 2109 560 2180 J'am
570 2109 684 2164 abunde
698 2108 883 2180 probavimus
893 2123 944 2164 suo
998 2109 1316 2182 &epomodescri'pliim
1327 2108 1467 2166 olam
1474 2112 1634 2177 tummim,
1644 2112 1826 2180 proximiori-

116 2181 192 2251 loco‚
210 2184 238 2235 et
252 2194 310 2234 non
325 2194 387 2234 esse
401 2179 529 2235 Nicetam
543 2181 651 2234 basum
664 2179 756 2234 saucii
770 2180 945 2235 PauliniNo·
998 2181 1047 2237 biis
1057 2182 1166 2238 siccatis
1210 2181 1828 2262 aeteiituiiietecpelitsm,nooteoi'oroorpii·

116 2252 179 2308 leni
193 2250 330 2317 amicum,
346 2255 375 2306 et
388 2266 450 2306 esse
459 2250 553 2320 reipsa
568 2250 696 2306 Nicctam
710 2255 840 2307 nostrum
855 2250 944 2324 Aqui·
997 2256 1122 2308 meritus
1210 2251 1343 2307 cesserit
1358 2268 1365 2307 :
1379 2256 1409 2307 et
1426 2268 1456 2308 in
1481 2251 1583 2307 hocad
1599 2253 1674 2309 diem
1688 2254 1828 2326 pariterx

116 2321 314 2392 ieieusemqui
328 2321 420 2376 sancti
433 2321 535 2377 Leonis
547 2322 642 2393 llagni
653 2327 783 2393 tempore
796 2322 903 2387 floruit,
917 2326 946 2377 et
998 2323 1057 2379 kal.
1072 2322 1138 2378 latii
1152 2328 1194 2378 ita
1208 2322 1311 2378 Nicetes
1325 2323 1414 2379 nostri
1430 2322 1539 2379 mentio
1554 2323 1676 2381 hahetur
1692 2341 1699 2382 ι
1715 2330 1830 2398 «hepo

118 2395 156 2450 sd
180 2408 268 2464 quein
288 2394 417 2465 ejusdem
440 2397 533 2447 exstat
550 2392 700 2448 decretalis
722 2393 852 2464 epistola.
870 2392 946 2449 Satis
999 2394 1066 2450 sitio
1081 2399 1188 2451 sauctae
1204 2395 1353 2451 memoriae
1366 2394 1443 2450 Nicsi
1458 2393 1594 2465 episcopi.
1611 2415 1624 2446 i

117 2467 216 2535 itaque
226 2469 409 2536 constatJam
418 2479 495 2518 nunc
505 2465 540 2519 de
550 2464 656 2519 Nicetoe
667 2463 944 2537 hujusitquilciensis
1036 2467 1119 2531 Quod
1132 2465 1178 2521 hic
1190 2466 1285 2536 prima
1296 2467 1391 2521 fronte
1401 2465 1651 2522 animadversione
1661 2464 1759 2539 aliqua
1770 2482 1828 2524 nou

118 2536 284 2599 sanctitate,
293 2550 359 2589 cuin
366 2550 464 2606 reapse
472 2534 509 2588 ad
517 2534 947 2607 aquileiensemhuncspecteut
1000 2536 1151 2619 indignum
1165 2536 1284 2601 ridetur,
1299 2536 1403 2592 illaesi
1418 2537 1522 2592 Nicetes
1536 2537 1659 2608 episcopi
1668 2537 1830 2594 enuntiatio

6 2634 8 2665 r
117 2621 308 2679 quaecumque
318 2607 534 2676 tumscriptores
544 2606 665 2677 antiqui,
676 2611 736 2660 tum
745 2606 947 2678 Martyrologia
1000 2607 1030 2663 iu
1044 2608 1088 2663 his
1104 2607 1304 2662 vetustioribus
1318 2607 1535 2678 Martyroiogiis,
1549 2623 1608 2662 non
1622 2607 1748 2663 iudicato
1766 2608 1829 2665 loco

6 2718 7 2721 ,
118 2686 155 2733 de
166 2677 339 2733 ltoinatiauo
353 2676 465 2732 Nicetes
475 2677 613 2731 hacteuus
622 2677 872 2747 praedicaruntlid
882 2694 947 2733 san·
1000 2681 1082 2752 cujm
1097 2681 1174 2733 esset
1187 2677 1353 2749 episcopus;
1366 2684 1394 2733 et
1407 2678 1462 2732 hoc
1477 2682 1579 2732 contra
1590 2694 1624 2734 ac
1645 2682 1744 2749 postea
1757 2677 1829 2735 lece·

117 2749 249 2805 ctitatem
270 2763 338 2803 vero
363 2748 483 2820 alicujus
498 2764 531 2801 er
552 2749 693 2803 veteribus
709 2748 759 2803 Dei
780 2748 868 2804 serris
882 2763 947 2819 pro·
999 2754 1069 2805 runt
1082 2750 1154 2814 Ado,
1170 2749 1323 2813 Notlierus,
1339 2753 1426 2819 atque
1443 2749 1600 2818 Usuardus,
1615 2749 1721 2819 aliique
1732 2749 1781 2820 qui
1794 2766 1829 2805 ex

6 2852 8 2867 ι
119 2822 259 2886 bundam,
275 2819 338 2899 quis
354 2818 462 2875 nesciat
475 2818 631 2889 plurimum
643 2835 713 2875 sane
730 2819 822 2901 lacere
833 2824 948 2901 uetusta
1001 2820 1047 2875 his
1059 2819 1266 2901 martyrologia
1286 2818 1573 2902 sua'concinuarunt,
1588 2820 1637 2874 ubi
1651 2836 1766 2901 semper
1780 2824 1831 2876 sut

6 2924 8 2955 e
118 2892 405 2962 Martyrologia,quae
415 2906 515 2945 eorum
526 2892 888 2958 cumlaudememineriut3
899 2892 947 2945 ubi
1002 2891 1062 2948 iere
1072 2906 1186 2961 semper
1198 2892 1312 2946 Nicetes
1320 2892 1366 2946 hic
1381 2894 1430 2945 aut
1443 2893 1622 2946 Romatianie
1636 2891 1770 2958 civitatis,
1780 2896 1831 2948 aut

6 3068 8 3101 :
119 3030 948 3105 beant,autiamaloquaturlliujusmodirelerallartyro-
1002 3034 1099 3089 nensis
1120 3033 1197 3103 episc

119 2961 327 3018 marimeninil
338 2964 531 3016 adsersuieos
544 2966 726 3018 autieterum
739 2961 947 3017 memorimha·
1002 2962 1182 3019 Romatiauae
1196 2961 1284 3027 urbis,
1296 2968 1347 3016 aut
1360 2962 1499 3017 Romanis
1514 2961 1602 3027 urbis,
1618 2967 1669 3017 aut
1685 2962 1830 3019 liumatia·

1198 3049 1215 3087 o
1237 3049 1269 3088 us
1283 3032 1461 3097 enuntiatur,
1477 3036 1509 3087 ul
1530 3048 1564 3088 er
1580 3032 1675 3088 allatis
1692 3034 1721 3088 iu
1737 3033 1831 3090 trente

120 3102 947 3177 logiu‚quanlumadDeiseriosquilocuminillishaheut,
962 3105 1089 3202 Ghujus
1114 3103 1178 3159 libri
1207 3050 1474 3177 liartyrologiorum
1501 3103 1673 3159 testimoniis
1700 3108 1829 3176 apparet.

6 3214 10 3247 4
118 3177 256 3248 quiedam
271 3179 338 3231 suut
356 3175 474 3229 maximi
488 3173 620 3245 ponderis
640 3174 896 3245 testimoniaque
917 3174 948 3229 ii·
1002 3176 1107 3242 Quidni
1117 3174 1327 3246 Aquileiensem
1336 3176 1430 3246 reipsa
1438 3175 1609 3230 ahsolubeac
1616 3175 1831 3257 proprie219

120 3255 188 3303 dein
203 3246 311 3301 luriunt
321 3251 428 3301 sanctis
441 3244 584 3316 opinionis
595 3245 623 3299 in
639 3260 696 3316 qua
710 3252 793 3300 eraut
805 3244 947 3300 viriillieo
1001 3247 1154 3303 enuntiare
1161 3246 1312 3311 volueriut,
1322 3246 1402 3301 nulla
1412 3245 1592 3301 Romatiauae
1599 3247 1722 3303 cristatis
1732 3248 1831 3303 habita

6 3358 9 3391 ;
118 3324 251 3390 tempore
264 3333 321 3388 quo
331 3317 541 3388 llartyrologiis
553 3316 680 3387 inscripti
696 3315 822 3381 fuerunt,
833 3331 885 3373 uec
898 3317 948 3371 du·
1001 3318 1124 3383 ratione,
1140 3317 1225 3389 primi
1237 3318 1278 3372 ilii
1292 3317 1507 3389 lliemnymiaui
1522 3317 1717 3389 Martyrologii
1734 3318 1830 3375 conie-

118 3390 213 3445 hitare
222 3389 321 3443 sinunt
329 3394 380 3443 rite
391 3394 506 3443 acrecte
513 3388 686 3459 proillorum
696 3392 857 3459 temporum
866 3402 948 3443 more
1001 3397 1103 3454 ctores,
1115 3393 1165 3443 aut
1176 3390 1306 3462 ejusdem
1318 3405 1377 3444 non
1390 3389 1475 3469 louge
1486 3392 1585 3460 postea
1594 3389 1829 3469 amplificatores,

6 3458 9 3535 j
118 3461 287 3532 opinionem
297 3459 378 3514 illam
393 3459 559 3523 invaluisse,
572 3463 601 3513 et
616 3465 804 3530 propagatam
815 3458 844 3514 io
857 3459 948 3514 liccle·
1001 3460 1104 3532 quibus
1122 3460 1235 3516 Nicetes
1251 3460 1382 3525 tortasse,
1404 3464 1476 3515 sicut
1497 3462 1590 3528 magis
1605 3474 1761 3530 proximus,
1789 3459 1830 3514 ita

118 3534 163 3588 sia
179 3532 284 3597 tuisse;
300 3530 439 3601 quidquid
463 3529 577 3585 iuterim
602 3545 664 3585 esse
686 3529 824 3603 possitdc
839 3530 944 3601 aliqua,
1002 3532 1115 3588 atsutia
1129 3536 1233 3599 notus,
1252 3532 1474 3601 etsdoposies,
1498 3529 1649 3596 Notlierus,
1673 3529 1828 3595 usuardus,

6 3648 7 3653 ι
119 3620 170 3660 seu
181 3603 210 3657 io
224 3601 457 3674 pronuntiatione
470 3600 591 3657 nominis
601 3601 775 3668 differentia,
788 3617 837 3656 seu
850 3601 879 3656 in
892 3601 946 3656 loci
1002 3603 1166 3685 regionibus
1181 3601 1288 3656 nostris
1308 3601 1437 3656 extranei
1451 3616 1485 3655 ac
1501 3604 1630 3669 tempore
1645 3600 1828 3670 posteriores,

119 3673 331 3740 enuntiatione,
342 3690 405 3744 quie
415 3672 495 3728 tacite
504 3689 554 3742 pro
565 3672 725 3744 regionum,
737 3678 900 3744 temporum
913 3688 946 3727 ac
1001 3676 1103 3746 quibus
1114 3688 1170 3727 nou
1181 3672 1252 3727 satia
1262 3671 1366 3726 Nicetis
1377 3673 1455 3724 fama
1465 3686 1499 3724 ac
1513 3670 1595 3725 sedes
1605 3670 1762 3741 explorata,
1776 3672 1831 3727 lto·

6 3794 8 3801 ,
118 3747 293 3820 scriptorum
308 3742 946 3815 diversitateeieniresolet,quaequereisub
1001 3744 1162 3800 malianum
1177 3741 1322 3797 civitatem
1334 3747 1436 3812 sponte
1450 3739 1616 3796 addiderint
1626 3757 1661 3797 ex
1677 3742 1826 3798 Gennadie

119 3820 257 3874 stantiam
271 3821 300 3871 et
313 3830 466 3886 personam
480 3814 600 3870 minime
617 3815 715 3869 allicit.
729 3815 760 3869 ln
772 3812 945 3870 testimoniis
1000 3819 1030 3871 et
1045 3813 1179 3884 Honorio,
1196 3814 1272 3868 unde
1287 3818 1386 3883 postea
1403 3810 1521 3869 eruditis
1533 3816 1682 3869 tantarum
1696 3813 1826 3884 disputa·

120 3905 208 3962 porro
217 3904 280 3960 que
290 3889 325 3941 de
334 3887 424 3959 218
433 3885 719 3949 Nicetaflomatiauo,
728 3887 757 3940 id
766 3886 853 3941 estde
862 3884 947 3956 aqui·
1000 3887 1113 3942 uanum
1127 3885 1260 3940 occasio?
1273 3885 1328 3941 Sed
1343 3884 1403 3939 haec
1417 3883 1509 3939 obiter
1522 3883 1598 3939 dicta
1611 3884 1782 3940 habeantur.

119 3960 222 4017 leiensi
237 3964 346 4027 nostro,
360 3970 391 4013 ut
403 3972 531 4014 asserere
540 3956 627 4012 libere
637 3972 799 4028 possumus,
813 3956 842 4010 in
851 3955 947 4011 iroute
1036 3957 1135 4022 Quoad
1147 3971 1213 4011 vero
1223 3961 1337 4027 tempus
1345 3971 1401 4027 quo
1409 3955 1439 4010 in
1451 3955 1663 4026 Martyrologiis
1672 3955 1767 4010 locuni
1778 3955 1826 4010 ob·

6 4038 7 4041 ’
119 4033 209 4106 hujus
222 4029 375 4085 voluminis
388 4028 549 4093 retulimus,
566 4044 622 4084 non
641 4027 737 4082 minus
747 4027 946 4098 quamduode·
1000 4028 1117 4084 tinuerit
1128 4026 1242 4082 Nicetes
1251 4030 1357 4092 noster,
1371 4026 1400 4081 iu
1410 4025 1617 4096 llartyrologiis
1626 4024 1734 4080 scilicet
1742 4025 1825 4096 vulgo

119 4101 221 4175 viginti
233 4106 302 4156 suut
315 4117 349 4156 ex
365 4100 450 4157 variis
463 4098 652 4155 Occidentalis
665 4099 796 4154 Ecclesiae
811 4098 946 4180 Martyro-
999 4099 1083 4155 dictis
1095 4098 1336 4169 Hieronymiauis,
1346 4113 1408 4169 quae
1417 4095 1565 4168 primitiva
1577 4096 1826 4179 luctantemque

120 4174 215 4247 logiis,
240 4173 379 4245 variisque
403 4172 571 4228 eorumdem
598 4169 754 4242 potioribus
773 4169 947 4225 editionibus
1000 4175 1199 4235 ortumsuum,
1212 4168 1407 4224 utllucherius
1417 4167 1703 4222 animadvertebatur
1714 4172 1826 4225 monito

119 4247 221 4320 petita,
230 4260 352 4315 quorum
364 4243 448 4300 veluti
460 4257 563 4314 agmen
574 4240 854 4297 ducittestimonium
865 4256 948 4312 pecu·
999 4243 1036 4299 ad
1051 4239 1229 4314 praecitatum
1244 4256 1261 4295 a
1273 4255 1304 4295 se
1313 4239 1433 4305 editum,
1449 4238 1534 4309 paulo
1545 4242 1611 4310 post
1621 4238 1679 4293 divi
1689 4237 1825 4311 Hierony·

119 4324 235 4374 liareci
249 4315 441 4388 martyrologii
451 4313 667 4369 vetustocodice
677 4329 743 4379 ms„
773 4312 946 4367 uodexNot·
1000 4313 1041 4368 mi
1053 4310 1483 4381 obitumhahuerunt;quisnon
1495 4308 1826 4367 rideatrcmotissimum
1910 4312 1916 4321 ‘

120 4392 192 4445 hero
205 4394 234 4443 et
250 4387 378 4443 Usuardo
393 4386 550 4442 conflatum
568 4384 741 4456 perhibetur,
752 4329 864 4465 ibitque
877 4382 946 4437 olim
1000 4401 1071 4449 esse,
1087 4390 1114 4437 ot
1131 4383 1261 4448 Usuardi,
1276 4381 1402 4445 Notlieri,
1415 4387 1501 4507 afflue
1515 4380 1623 4436 Adonis
1634 4386 1750 4438 aetatem
1764 4383 1825 4437 lon·

120 4460 150 4517 in
165 4476 217 4515 usu
233 4461 309 4529 apud
331 4460 489 4513 monachos
502 4457 690 4521 Nosacenses,
711 4456 840 4510 dioecesis
863 4454 948 4525 Aqui·
964 4490 987 4549 D
1001 4474 1036 4529 ge
1050 4455 1227 4518 antecedere,
1244 4469 1294 4509 seu
1310 4468 1345 4509 ex
1363 4451 1425 4524 ipsa
1461 4452 1539 4508 icetie
1554 4452 1682 4508 nominis
1696 4453 1828 4510 enuntia·

120 4531 236 4588 leiensis
248 4545 256 4596 ;
270 4535 299 4586 et
312 4529 341 4583 in
361 4528 464 4600 quibus
479 4527 612 4583 omnibus
626 4526 662 4581 ad
677 4525 754 4581 diem
779 4542 796 4580 x
810 4525 870 4581 kal.
883 4524 949 4581 luiii
1001 4527 1080 4583 tione
1092 4528 1199 4596 absque
1214 4524 1268 4580 loci
1278 4524 1487 4590 additamento,
1501 4539 1552 4579 seu
1561 4539 1595 4581 ei
1605 4524 1732 4596 ipsorum
1749 4524 1826 4580 cudi·

121 4605 254 4678 ejusdem
264 4602 371 4656 Nicetes
380 4601 490 4655 mentio
499 4601 541 4665 iii,
553 4615 587 4653 aa
596 4597 653 4653 iere
661 4613 775 4669 semper
786 4613 850 4653 cuin
861 4595 946 4663 beati,
1002 4614 1067 4655 cuin
1079 4595 1367 4668 hieronymianorum
1380 4601 1465 4651 aetate
1474 4596 1512 4650 ah
1521 4595 1557 4651 iis
1567 4596 1828 4669 eruditissirisper·

122 4672 283 4739 sutsancti,
297 4678 459 4726 autsanclis
469 4669 837 4735 memorialitulomecnon
849 4673 947 4724 etcum
1004 4684 1103 4742 pensa,
1118 4683 1240 4739 quorum
1255 4683 1342 4738 opera
1357 4683 1391 4723 ac
1411 4666 1505 4723 studio
1519 4665 1709 4739 pmdierunti
1720 4669 1762 4722 Ad
1781 4682 1827 4739 ge-

159 4744 259 4800 culiari
268 4746 364 4814 aliquo
373 4742 533 4798 sanctitatis
545 4740 647 4813 elogio,
659 4746 744 4812 prout
755 4742 785 4795 in
795 4740 948 4812 postremis
1004 4740 1125 4798 nulnum
1140 4738 1269 4795 videlicet
1289 4756 1322 4794 ac
1344 4738 1546 4809 primigenium
1572 4738 1828 4810 hieronymianum

143 4819 256 4880 abatur,
263 4831 297 4870 ac
306 4814 473 4885 siugulatim
484 4813 513 4868 io
524 4829 557 4869 eo
565 4815 727 4884 quoduunc
735 4812 764 4868 iu
776 4810 950 4868 occidentali
1004 4811 1235 4884 Martyrologium
1245 4810 1349 4866 Nicetis
1364 4825 1470 4866 nomeu
1483 4809 1581 4879 procul
1591 4809 1727 4864 dubioest
1737 4813 1830 4888 poste-

122 4890 250 4945 Ecctesia
263 4885 426 4941 communis
440 4890 484 4941 est
497 4901 575 4949 usus,
608 4886 729 4956 uodque,
741 4889 806 4954 post
819 4883 949 4956 recogni·
1006 4884 1065 4941 rior
1078 4882 1212 4949 accessio,
1229 4886 1261 4938 ut
1279 4886 1358 4953 patet
1372 4897 1405 4936 er
1419 4880 1506 4935 citato
1520 4895 1611 4950 nuper
1625 4878 1829 4950 martyrologio

124 4961 219 5015 tiones
241 4958 368 5029 Gregorii
385 4957 459 5022 Nlll,
479 4957 582 5013 Urbani
621 4955 665 5021 tll,
681 4971 714 5011 ac
732 4954 891 5010 innocentii
903 4955 949 5018 xi,
1006 4950 1830 5026 millejamtuuccirciterannorumdicto,nuucreromitie

123 5030 397 5105 praestantissimam
411 5029 484 5100 gerit
494 5028 690 5083 auctoritatem
703 5024 861 5081 doctissimi
873 5039 952 5095 seque
1007 5024 1173 5095 etamplius
1187 5024 1316 5079 absolute
1330 5022 1461 5087 diceudo,
1478 5020 1646 5076 monasterii
1656 5020 1755 5075 Sancti
1765 5019 1833 5075 Ger·

124 5119 159 5158 ac
174 5100 360 5158 eruditissimi
374 5099 520 5155 Benedicti
532 5114 615 5171 papie
629 5097 701 5165 xiv,
713 5097 795 5171 cujus
807 5111 894 5169 opera
904 5109 953 5150 au·
1007 5097 1086 5152 niani
1098 5093 1365 5159 Autissiodorensis,
1380 5097 1467 5164 atque
1479 5108 1513 5148 ex
1529 5090 1592 5146 aliis
1603 5105 1715 5163 quoque
1724 5090 1832 5146 ibidem

123 5179 206 5231 ctum
221 5171 328 5245 prodiit
343 5177 372 5227 et
385 5171 566 5243 castigatum.
1007 5168 1188 5223 continenter
1200 5164 1294 5229 editis,
1310 5165 1412 5220 eodem
1431 5163 1538 5219 scilicet
1551 5168 1629 5217 tomo
1652 5163 1684 5216 ill
1696 5161 1833 5217 Thesauri

161 5246 355 5310 Quandouam
363 5257 429 5298 vero
438 5243 567 5298 locumin
579 5236 788 5318 Martyrologiis
797 5236 953 5294 obtinuisse
1009 5238 1074 5295 nou
1087 5238 1337 5301 anecdotorum,a
1348 5234 1414 5289 viris
1423 5233 1588 5290 clarissimis
1598 5234 1707 5289 Narten
1718 5237 1773 5289 oet
1781 5234 1836 5289 Du·

124 5317 241 5375 Nicetes
255 5316 391 5370 dicendus
404 5313 468 5369 esti
481 5314 608 5369 Arduam
621 5327 682 5366 rem
695 5315 815 5381 attingo,
827 5309 952 5379 disputa·
1010 5309 1098 5365 rando
1111 5324 1118 5375 ;
1130 5307 1211 5363 ubist
1224 5306 1324 5362 indies
1336 5305 1465 5373 singulos
1478 5304 1595 5376 exiguus
1608 5309 1775 5360 sanctorum
1786 5320 1838 5361 uu·

124 5394 217 5460 tuque
233 5388 380 5441 dil'tieilein
394 5402 401 5452 3
415 5386 444 5440 in
460 5401 516 5456 qua
532 5383 716 5438 nihilominus
729 5380 892 5438 cenandum
903 5379 954 5434 ali·
1010 5395 1107 5435 merus
1119 5379 1280 5442 exhibetur,
1294 5382 1323 5433 el
1337 5376 1442 5432 Nicetes
1454 5375 1659 5431 nostrinoman
1673 5376 1776 5448 ubique
1787 5378 1837 5434 de·

126 5456 519 5533 quidcoujecturisarbitror,
529 5455 582 5511 etsi
594 5456 714 5508 tortasse
726 5451 796 5507 nihil
811 5450 954 5508 indeceiti
1011 5452 1153 5508 sideratur
1166 5468 1172 5502 ι
1185 5465 1284 5505 verum
1295 5446 1418 5503 accessio
1428 5447 1491 5519 ipsa
1505 5449 1689 5520 postmodum
1704 5447 1782 5504 iacta
1793 5448 1838 5506 Ni·

126 5540 326 5606 perspectique
338 5535 501 5584 secuturum
516 5526 562 5583 sit.
575 5526 811 5596 martyrologium
828 5522 955 5578 omnium
1012 5528 1082 5579 cetae
1098 5520 1233 5592 nominis,
1259 5519 1373 5575 nonnisi
1397 5517 1599 5590 antiquissima
1618 5535 1680 5575 esse
1695 5520 1788 5585 debet,
1809 5524 1842 5576 ut

129 5594 958 5659 uetustissimumcommunieruditorumcalcuioiltudcerte
1012 5593 1113 5650 itidem
1124 5590 1315 5665 pateteisliis
1327 5591 1430 5647 Hieron
1451 5590 1843 5664 micuissimiliterllartyro·

127 5672 335 5744 habeturquod
341 5672 409 5728 diro
419 5672 591 5743 hieronymo
601 5668 738 5724 tributum
751 5666 814 5736 luit,
821 5666 960 5747 cujusque
1013 5663 1107 5739 legiis,
1121 5680 1185 5739 quie
1199 5663 1356 5720 Daeherius
1371 5668 1400 5718 et
1416 5608 1781 5745 dorentinimedideruut,
1790 5660 1844 5746 'ubi

128 5744 309 5819 exemplaria
321 5747 377 5801 due
391 5743 547 5801 auttriaer
560 5739 796 5814 iudiciariaeque
807 5742 959 5810 antiquita·
1014 5738 1120 5799 Nicetes
1145 5751 1248 5792 nomeu
1263 5737 1354 5805 adest,
1372 5750 1410 5808 qu
1457 5750 1492 5792 ue
1512 5739 1713 5792 remotissimis
1736 5738 1848 5809 pariter

127 5819 168 5883 tis
180 5815 327 5880 codicibus
339 5815 518 5900 prodienm.
533 5812 700 5875 murreus
712 5808 867 5873 lineolis
880 5807 960 5891 ejus·
1015 5806 1288 5889 sustinuerimus,
1302 5809 1334 5869 ut
1347 5822 1431 5869 esec
1462 5804 1850 5889 oNlcetaquintonouleai
