4009 6192
232 260 309 332 itit
595 267 629 333 P.
650 261 799 331 aalma
818 257 1057 331 passarino
1078 257 1115 327 tlt
1134 262 1166 329 S.
1188 261 1365 331 lilCH'lAbi.
1379 264 1511 330 -GAH
1528 258 1579 327 IX.

229 399 317 457 sterio
326 397 510 471 Aquileiensi,
521 403 660 472 quantum
669 398 856 471 coniectando
873 398 948 465 licet,
964 414 1052 473 prope
1067 404 1091 466 Α
1105 396 1315 469 cognoscimus,
1324 412 1358 453 ex
1372 396 1435 470 ipsu
1441 394 1554 453 dicendi
1566 394 1687 454 ratione.
1700 398 1772 457 Adeo
1779 417 1887 464 resona

230 473 392 528 accedimus
406 474 443 527 ad
459 471 569 528 Ensehii
582 468 767 527 vercellensis
776 476 902 543 aetatem,
914 471 995 526 cu'us
1006 488 1052 527 ex·
1106 469 1265 525 hasterium
1277 469 1333 523 hoe
1346 468 1486 538 virginale
1500 469 1622 524 decursu
1635 472 1765 541 temporis
1775 476 1889 535 sublinit

229 548 322 599 bema
332 559 401 625 pars
408 542 516 614 primos
524 541 949 623 tetigitepiscopatusannosVa
961 542 1052 598 eriani
1105 540 1202 606 crevit,
1220 544 1251 594 ut
1274 539 1350 595 idem
1364 541 1555 612 Hieronymus
1574 539 1678 596 ibidem
1698 543 1888 616 dicercpotoen't

228 615 427 686 Aquileiensis.
440 613 495 668 Sed
506 613 600 668 adhuc
614 612 721 684 aliquid
736 614 907 670 tentandum
926 616 979 668 est.
1105 627 1186 667 num.
1202 610 1248 678 30,
1261 612 1337 681 quod
1349 610 1472 682 fratrum
1486 618 1511 665 st
1523 626 1661 678 sororum,
1677 610 1704 666 id
1716 618 1756 669 est
1768 625 1888 675 monacho·
1950 637 1951 662 i

265 684 403 750 Quisnam
420 683 529 755 luitqni
539 700 573 738 ex
585 683 700 739 Oriente
714 683 744 739 in
755 684 936 741 Occidentem
949 699 1052 741 mons·
1103 698 1169 738 rum
1183 684 1212 737 et
1221 680 1374 754 virginum,
1386 682 1543 740 tmmemom
1553 681 1749 739 multitudinem
1761 686 1835 742 Paula
1845 705 1889 745 mo

227 756 329 812 sticum
345 753 491 826 utriusque
504 770 588 810 sexus
602 754 783 826 disciplinam
797 759 848 811 aut
870 755 985 819 invexit,
1000 759 1052 810 aut
1104 753 1181 809 riens
1194 752 1359 824 reliquerat.

227 831 303 882 certe
316 824 621 882 commendabiliorem
633 826 759 882 reddidit
768 830 797 882 et
810 826 960 897 ampliavit
970 824 1050 882 tiis·
1139 827 1176 880 At
1188 839 1244 879 non
1255 825 1357 880 eadem
1367 838 1401 879 eo
1409 827 1537 894 tempore
1547 822 1577 878 in
1586 822 1740 879 Occidentis
1753 826 1889 896 pertimuit

226 912 298 969 gnus
307 896 443 952 nimirum
455 894 502 951 ille
509 896 694 962 Athanasius,
705 897 770 952 divo
782 897 954 970 Hieronymo
966 902 1049 969 leste,
1103 895 1133 950 in
1146 894 1229 951 ltalia
1241 894 1313 966 ipsa,
1327 894 1469 976 virginum
1481 895 1564 965 copia
1578 894 1608 950 in
1623 894 1796 966 virginalibus
1808 913 1887 954 mons·

225 967 346 1040 epistola
360 968 422 1034 tit,
433 982 514 1022 num.
529 969 557 1033 5,
573 968 610 1023 ad
623 966 796 1039 Principiam
812 968 964 1038 virginem,
980 969 1050 1023 dum
1103 966 1208 1023 steriis.
1216 966 1452 1022 Prasclarissimos
1459 964 1768 1036 habuitderirginitate
1775 984 1889 1026 semones

224 1040 302 1094 exsul
314 1056 332 1093 a
341 1040 467 1094 sedesua
476 1039 1050 1120 Alexandrinaltaliispartesperagraret.
1103 1042 1219 1094 sanctus
1233 1038 1399 1092 Ambrosius
1412 1037 1450 1092 ad
1460 1038 1597 1162 populum
1610 1052 1704 1103 snum,
1715 1037 1759 1108 qui
1769 1044 1890 1109 postesse

223 1110 398 1166 Athanasius
411 1126 505 1181 porro,
520 1114 549 1164 et
563 1110 700 1182 Aquileiae
713 1127 825 1192 quoque
838 1116 905 1167 ωηο
919 1109 983 1176 ωιῑ,
999 1110 1049 1165 ho·
1103 1109 1169 1164 dem
1183 1112 1299 1164 anctore
1310 1108 1339 1163 in
1353 1123 1458 1179 opuscu
1472 1123 1490 1162 a
1502 1109 1681 1174 coaluerunt,
1695 1123 1805 1180 quorum
1817 1110 1888 1168 tituli:

224 1196 288 1253 spes
310 1180 510 1236 Fortunatiani
534 1181 722 1253 Aquileiensis
743 1181 876 1306 episcopi,
904 1181 1050 1236 Valeriani
1103 1180 1145 1236 De
1164 1179 1324 1250 Virginibus
1335 1182 1371 1233 od
1384 1178 1581 1260 Marcellinum
1599 1195 1734 1245 sororem
1748 1179 1780 1235 da
1798 1181 1889 1254 Viim'si

223 1252 451 1324 praedecessoris,
463 1267 540 1306 anno
550 1252 613 1318 348,
625 1257 655 1307 ut
665 1252 741 1323 apud
752 1256 789 1308 tie
800 1254 841 1307 ilii
863 1252 903 1307 eis
912 1252 941 1307 iu
953 1252 1051 1307 Hosiu-
1104 1257 1175 1320 tots,·
1184 1251 1400 1305 delmtitutiom
1412 1249 1727 1320 Virpsuis3Haliortotio
1740 1250 1889 1322 Virginitoti'i.

224 1324 340 1388 mentis,
352 1322 444 1393 capite
453 1324 480 1392 6,
493 1323 603 1387 numb,
614 1327 643 1378 et
652 1322 850 1379 ecclesiasticis
860 1321 1050 1393 Aquileiensis
1104 1322 1160 1377 Sed
1172 1322 1401 1391 conquerebatur
1411 1321 1488 1375 idem
1500 1327 1616 1376 sanctus
1624 1320 1738 1392 presul,
1747 1324 1890 1379 sermonibus

224 1392 830 1449 EcclesiaeconicntihuscumFortunatiano
841 1393 1051 1465 episcopoope·
1104 1391 1162 1447 suis
1175 1406 1205 1447 se
1217 1407 1320 1463 parum
1331 1396 1382 1446 aut
1390 1390 1462 1446 nihil
1472 1391 1608 1462 prolicere
1620 1393 1891 1463 apudllediolanensei

224 1480 288 1519 ram
296 1462 384 1519 dedit.
395 1463 743 1535 Quidniauctortuocipse
750 1463 836 1520 luerit
842 1463 1049 1519 Fortunatiano
1104 1478 1170 1518 suos
1179 1479 1186 1529 ;
1194 1462 1251 1529 ubi,
1262 1466 1390 1517 matrum
1398 1464 1486 1517 etiam
1495 1477 1591 1534 opera,
1599 1462 1891 1547 prohibebantorpuells

226 1535 320 1590 eidem
331 1533 514 1616 Aquileiensi,
525 1538 557 1589 ut
567 1534 690 1606 virgines
699 1534 1050 1606 sacrasihidemdegcnles
1104 1534 1227 1606 virgines
1241 1532 1355 1604 prodire
1369 1533 1405 1587 ad
1416 1531 1593 1588 audiendum
1607 1533 1703 1605 ipsum
1716 1535 1750 1590 de
1762 1535 1891 1607 Virginitate

226 1605 256 1661 in
267 1621 357 1661 unum
368 1604 502 1659 invitaret
513 1603 619 1672 locum,
630 1611 659 1660 et
669 1605 829 1662 monastica
839 1604 1051 1661 Orientisdisci·
1103 1605 1246 1660 dicentem
1262 1620 1270 1659 t
1284 1610 1371 1675 atque
1385 1606 1532 1660 asserebat
1544 1605 1580 1660 de
1598 1604 1760 1660 Placentino
1771 1607 1856 1677 ponus,
1867 1606 1891 1661 ds

224 1676 305 1748 plina
317 1675 461 1742 erudiret;
478 1681 507 1732 et
520 1675 562 1731 ita
577 1677 782 1732 monasterium
806 1677 945 1747 virginale
964 1677 987 1732 A
1010 1676 1050 1731 ui·
1103 1674 1288 1742 Bononiensi,
1310 1691 1344 1731 ac
1359 1675 1395 1731 de
1408 1675 1580 1730 Mauritania
1594 1691 1707 1747 quoque
1729 1677 1764 1730 ad
1783 1692 1810 1732 ss
1821 1676 1892 1732 ieuirs

224 1748 399 1820 leieusejam
407 1746 632 1802 tuncAthanasii
641 1746 827 1804 Alexandrini
835 1747 974 1816 studio,el
984 1693 1051 1802 iqor·
1067 1770 1088 1826 Β
1104 1746 1226 1815 virgines
1240 1749 1271 1800 ut
1284 1746 1379 1802 selum
1400 1746 1571 1817 acciperent,
1584 1753 1672 1817 prout
1686 1745 1754 1802 libro
1767 1763 1775 1802 i
1786 1751 1817 1803 de
1827 1747 1891 1819 virgi·

225 1817 367 1874 tonatiani
376 1817 695 1890 Aquileiensisepiscopi
706 1835 775 1874 cura
783 1824 880 1874 ortum
894 1817 1051 1874 hahuerit?
1103 1818 1197 1881 nibus,
1208 1816 1300 1888 capite
1312 1818 1356 1873 it.
1374 1821 1542 1898 lpse‘autem
1553 1818 1656 1874 eodem
1666 1817 1726 1873 loco
1737 1819 1841 1874 summis
1850 1820 1892 1873 liu·

224 1889 283 1945 Hoc
297 1894 393 1945 antem
409 1889 513 1945 dixisse
527 1890 650 1945 sutbeiui
664 1893 699 1945 de
711 1889 841 1961 virginali
860 1889 1048 1945 monasterio·
1103 1888 1185 1943 dibus
1200 1887 1312 1943 extollit
1327 1892 1451 1960 virgines
1467 1889 1626 1970 prasertim
1642 1888 1831 1954 bononienses,
1849 1904 1893 1960 qia

223 1960 395 2032 Aquileiensi
407 1960 532 2016 aNiceta
543 1966 716 2027 memorato,
727 1960 841 2016 utidem
847 1961 940 2016 multo
953 1960 1049 2017 Niseia
1103 1959 1250 2014 mundonis
1259 1958 1575 2026 tcdcliom'subdtooiitcs,
1583 1963 1742 2016 sucrori'iim
1751 1961 1892 2031 uirginitatis

223 2032 361 2088 vetustius
371 2032 576 2103 intelligamus,
587 2049 620 2088 ac
630 2037 707 2088 certe
717 2048 775 2087 non
785 2031 826 2087 ita
837 2032 977 2104 posterius
989 2047 1050 2087 mo·
1104 2030 1227 2087 incolunt
1247 2029 1275 2084 id
1285 2034 1330 2085 est
1340 2030 1549 2086 monasterium
1557 2031 1718 2104 virginale),
1727 2033 1851 2103 mttcioqu
1857 2047 1892 2102 pu

222 2104 349 2161 naslerio
363 2102 495 2176 virginali
517 2103 628 2159 Husehii
644 2103 849 2169 vercellensis,
861 2102 975 2159 etiamsi
996 2103 1049 2159 hoc
1102 2108 1213 2157 reatum
1236 2034 1361 2183 hospitio,
1380 2102 1496 2156 undum
1515 2103 1545 2156 iii
1559 2103 1892 2167 limitelimite

223 2173 345 2232 tortasse
360 2174 483 2230 fueritin
499 2174 651 2230 Occidente
660 2177 802 2244 mnium,
814 2178 846 2229 ut
854 2173 964 2230 auctori
977 2189 1048 2245 proe·
1102 2171 1214 2298 degerem
1224 2172 1329 2229 milites
1339 2172 1483 2229 castitatis.
1497 2173 1601 2228 Verum
1611 2172 1708 2244 quotis
1717 2174 1822 2228 demum
1831 2173 1890 2244 iugi·

222 2246 304 2302 citati
314 2245 440 2317 opusculi
455 2244 573 2316 placuit.
1103 2243 1131 2297 ni
1153 2259 1186 2298 us
1197 2244 1348 2298 constabat
1361 2243 1569 2299 monasterinm
1577 2244 1634 2299 hoc
1643 2244 1846 2300 Bononiensium
1853 2260 1892 2299 ur·

259 2321 295 2371 At
307 2314 603 2386 quotenissirgiuibus
612 2314 701 2370 sacris
711 2314 873 2370 constitisse
883 2313 1048 2386 putabimus
1102 2315 1213 2387 ginum,
1229 2314 1301 2369 adeo
1316 2315 1352 2368 ah
1365 2315 1517 2370 Ambrosio
1531 2315 1718 2381 celebratum,
1737 2318 1771 2371 ad
1784 2316 1891 2388 pudorem

222 2384 1049 2528 :ltilil,iititittlilltili{tibitibi
1102 2385 1892 2528 ittitiltliiiltilqltiititillabit·

223 2544 294 2593 som,
306 2528 410 2598 capite,
425 2529 453 2592 6,
470 2542 551 2582 num.
566 2526 610 2592 22,
627 2527 744 2584 dicens:
763 2473 938 2591 ‹Ouogiodo
951 2526 1047 2584 tibi...
1101 2531 1148 2582 tur
1158 2525 1611 2597 nicetpsrvumhducuumerum,
1623 2475 1660 2585 gx
1670 2500 1894 2600 copialructnsam·

224 2615 283 2656 non
298 2598 472 2654 veniebatin
485 2602 657 2668 mentem..,.
679 2613 826 2671 processus
840 2598 870 2654 in
892 2597 1048 2655 Ecclesiam
1102 2597 1228 2671 plificare
1241 2596 1355 2668 gestiat.
1376 2619 1391 2648 o
1415 2599 1483 2654 Sine
1508 2601 1707 2656 contubernali
1734 2617 1797 2656 sexu
1816 2599 1894 2659 taishst

224 2671 300 2726 inter
313 2670 456 2742 virgineos
469 2668 600 2725 choros?
621 2691 635 2719 ii
651 2671 718 2727 Haec
732 2674 829 2726 autem
843 2669 955 2726 dicendi
974 2669 1048 2725 ratio
1102 2672 1218 2725 sanctus
1230 2669 1342 2733 doctor)
1352 2669 1547 2725 contubernali
1561 2673 1672 2741 pudore
1687 2677 1817 2743 prosecta
1827 2671 1856 2726 id
1867 2669 1894 2723 ii

225 2757 377 2798 nnmerum
382 2740 749 2823 proculdubioindicatnon
756 2741 889 2823 exiguum
899 2756 1047 2796 sacrarum
1102 2739 1249 2797 cenarium
1262 2754 1416 2795 nnmerum
1435 2745 1466 2795 et
1478 2742 1677 2798 centenarium
1695 2747 1846 2798 tractum.»

226 2813 370 2884 virginum
380 2828 410 2867 in
425 2812 476 2868 illo
488 2813 663 2868 monasterio
677 2811 808 2885 virginali
824 2812 999 2884 degentium.
1010 2812 1050 2867 Ac
1140 2810 1230 2883 248
1236 2809 1420 2876 Ouidiisdem
1428 2827 1515 2883 prope
1527 2815 1706 2884 temporibus
1720 2814 1777 2885 ipsa
1789 2809 1895 2869 Hcclmii·

224 2887 354 2957 prot'ecto
368 2899 434 2940 eum
445 2883 639 2956 frequentiora
649 2887 717 2939 tunc
727 2882 864 2955 temporis
873 2898 932 2937 non
942 2888 1047 2948 essent,
1103 2897 1167 2937 rum
1183 2882 1314 2937 omnium
1330 2881 1460 2953 princeps
1474 2882 1599 2939 Ecclesia
1616 2884 1895 2941 nominatissimi

225 2961 310 3028 prout
324 2960 423 3027 postea
437 2954 562 3022 luerunt,
579 2955 608 3009 in
632 2955 856 3025 unaeademque
874 2952 1003 3017 ecclesia,
1019 2953 1048 3007 in
1102 2957 1218 3008 sanctus
1229 2952 1418 3023 Hieronymus
1427 2954 1602 3024 supracitata
1611 2956 1733 3028 epistola
1740 2957 1787 3012 itt
1797 2958 1828 3009 ad
1837 2953 1894 3007 Prin
1950 3011 1951 3018 ,

224 3029 452 3096 unaeademque
467 3027 546 3092 urbe,
560 3025 662 3081 saltem
676 3024 706 3080 iu
721 3025 883 3089 Occidente,
900 3039 1047 3079 sacrarum
1101 3023 1207 3095 cipism
1223 3022 1715 3105 virginemdeLaudibusldarceilai
1728 3027 1893 3089 vidumuum-
1950 3037 1951 3046 ¹

223 3097 367 3170 virginum
378 3097 554 3153 monasteria
565 3114 572 3163 ;
584 3095 655 3151 illud
664 3111 752 3177 unum
764 3099 814 3174 aut
827 3095 963 3177 alterum,
971 3095 1048 3166 quod
1065 3119 1088 3180 0
1102 3095 1129 3159 5,
1142 3096 1219 3165 quod
1228 3093 1312 3167 huyus
1323 3094 1461 3151 Marcellus
1470 3099 1612 3179 tempore!
1625 3097 1655 3179 id
1666 3099 1787 3155 estcirca
1794 3095 1894 3151 medion

223 3168 365 3232 exstabat,
387 3167 536 3222 abundare
560 3167 657 3222 debuit
679 3168 835 3237 virginibus
858 3182 892 3221 ex
916 3182 1050 3221 universa
1102 3166 1430 3236 medicamentum«
1449 3165 1530 3222 nulla
1545 3169 1686 3224 nobilium
1696 3170 1849 3226 feminarum
1859 3181 1895 3219 no

223 3236 449 3293 dioecesiibidem
456 3236 661 3292 collecticium
668 3236 1049 3302 vero,utdenumeroetiam
1102 3241 1182 3291 ierat
1194 3237 1294 3291 Homine
1308 3236 1485 3307 propositum
1504 3240 1726 3307 monachorum,
1741 3256 1789 3296 nec
1799 3239 1895 3294 audebit

222 3323 372 3364 sacrarum
385 3305 528 3389 uirginum
542 3308 571 3387 in
591 3307 772 3388 monasteriis
782 3305 941 3387 antiquitus
950 3308 1050 3388 siren·
1102 3306 1686 3388 propterreinovitatemignominioaum,
1696 3317 1727 3367 ut
1736 3319 1797 3367 tunc
1805 3309 1895 3382 puubs·

222 3377 528 3459 tiumnonnibitflffl
542 3377 1048 3459 dicamus3sideHcciesia0rientaii
1102 3383 1158 3442 tur,
1181 3382 1210 3432 et
1224 3377 1279 3433 vile
1302 3393 1332 3432 in
1350 3378 1462 3449 populis
1484 3395 1592 3436 nomen
1611 3398 1766 3439 assumere.
1787 3403 1798 3431 ι
1820 3383 1895 3458 Ptin·

221 3450 883 3533 loquimus-ubimonasticatumvirorumtum
894 3448 1048 3502 mulierum
1102 3452 1255 3530 propterea
1268 3464 1332 3520 quie
1346 3452 1480 3531 Humana
1494 3452 1568 3507 urbis
1577 3452 1655 3534 uirgo
1666 3454 1761 3510 mobilis
1770 3454 1894 3568 mmtoeptd,

223 3519 1049 3661 titillabitilllllbitiillli{illitati
1101 3520 1894 3668 tiit{titiiltittlliiitttbftlltihlh

225 3663 331 3721 ibidem
341 3665 370 3719 in
384 3661 568 3719 monasteriis
577 3662 743 3733 degentium
755 3660 800 3716 vel
814 3660 876 3742 ipso
886 3666 991 3742 quarto
1000 3661 1050 3716 Hc·
1104 3660 1168 3731 luit,
1182 3661 1278 3717 Paula
1292 3660 1362 3742 fllia,
1373 3678 1435 3743 que
1445 3678 1502 3719 una
1514 3681 1580 3719 cum
1590 3672 1687 3724 matre
1697 3671 1725 3722 in
1738 3665 1895 3722 bethlehemi-

225 3734 320 3791 cicsiae
331 3735 446 3790 saeculo.
461 3736 583 3791 Sanctus
596 3732 763 3789 Ambrosius
775 3732 804 3787 in
819 3732 892 3787 iihro
907 3732 942 3788 de
962 3730 1050 3804 Virgi—
1102 3731 1159 3788 tico
1172 3737 1348 3788 monasterio
1359 3733 1438 3791 risit.
1449 3735 1529 3799 Quod
1541 3736 1641 3808 itaque
1653 3740 1690 3793 ad
1704 3738 1791 3810 ipsam
1800 3738 1894 3791 boman

226 3806 327 3869 nitate,
342 3805 435 3877 capite
447 3806 474 3886 i,
491 3820 570 3885 num.
591 3805 636 3870 36,
644 3805 689 3885 ὀὴ
703 3802 936 3886 eodemuscripto,
948 3808 978 3858 ut
990 3802 1050 3858 edi·
1103 3803 1236 3886 pertinet,
1249 3803 1296 3859 uhi
1310 3804 1501 3861 monasticum
1513 3808 1693 3879 propositum
1707 3805 1895 3882 rsisori'toiertl

224 3876 335 3933 toribus
348 3875 485 3931 Maurinis
497 3890 598 3958 tirsum·
611 3875 665 3930 luit
680 3890 715 3930 ex
726 3875 837 3929 indicus
851 3890 916 3945 quas
930 3875 1050 3929 Ambro·
1098 3879 1184 3949 Juxta
1197 3876 1411 3958 Hieronymum,
1422 3878 1502 3958 nulla
1511 3894 1627 3949 prorsus
1639 3886 1707 3936 ante
1717 3878 1894 3958 Harcellsmir

225 3948 290 4031 sius·
303 3949 363 4030 ipse
386 3945 559 4018 suppeditat,
575 3961 773 4028 circa'anoum
788 3945 850 4008 ais,
872 3944 931 4027 hae
945 3944 1047 4028 habet3
1103 3947 1411 4028 deuturihidsrnluisse
1424 3946 1895 4073 iirffynalianionasterismtquehct

226 4040 241 4072 u
258 4021 363 4076 Discite
374 4022 498 4090 quantas
508 4017 712 4084 Alexandrina,
721 4020 865 4089 totiusque
878 4017 1010 4081 Orientis,
1020 4020 1049 4072 et
1102 4018 1347 4099 tandemcoepisse
1355 4021 1420 4088 post
1431 4023 1469 4072 At
1490 4035 1582 4075 anasii
1592 4021 1894 4090 illucadventum,imm⁰

222 4091 361 4172 Africana
375 4089 499 4171 Ecclesia
509 4087 663 4170 quotannis
680 4103 794 4170 sacrare
812 4087 960 4160 (virgines)
978 4103 1048 4143 con·
1101 4093 1131 4142 et
1144 4088 1218 4143 Petri
1227 4104 1279 4170 qui
1294 4088 1451 4170 Athanasio
1461 4088 1491 4144 iu
1501 4091 1668 4172 episcopatu
1681 4087 1894 4158 successitacilu
1950 4111 1951 4116 ¹

223 4166 379 4219 sueverant.
400 4161 552 4218 Pauciores
575 4161 621 4216 hic
643 4160 775 4216 homines
789 4160 939 4284 'prodeunt
959 4173 1047 4229 quam
1101 4173 1158 4215 mas
1173 4162 1202 4214 et
1226 4159 1352 4231 ipsefuit
1366 4175 1442 4215 anno
1465 4160 1638 4219 Christiani
1659 4166 1702 4220 iel
1716 4165 1775 4231 stt,
1797 4169 1894 4228 eisqui
1950 4185 1951 4206 i

223 4231 636 4304 illicrirgiuesconsecranlur.
662 4232 786 4303 »Acpro

223 4304 361 4360 Lausiaca
372 4303 502 4375 Palladii,
516 4304 608 4376 capite
622 4303 667 4368 st,
692 4303 841 4365 babemus,
861 4300 938 4371 quod
952 4299 980 4354 in
996 4300 1048 4355 Ta·
1120 4300 1196 4366 aide,
1205 4301 1361 4366 Pachumii,
1373 4305 1402 4357 et
1411 4302 1751 4375 virginumacriduarum
1761 4299 1894 4378 didicitdb

224 4375 361 4430 hennensi
377 4375 541 4438 solitudine,
556 4389 619 4445 que
633 4376 678 4429 est
690 4372 719 4427 in
737 4371 889 4437 Thebaide,
914 4376 1047 4426 tercenta·
1102 4371 1250 4443 cipliuam,
1271 4390 1285 4423 u
1303 4378 1333 4426 ut
1346 4372 1535 4446 Hieronymus
1548 4375 1609 4448 ipse
1623 4378 1793 4450 supracitata
1801 4372 1895 4430 sdPrin·

801 4234 863 4285 ecto
880 4246 914 4286 ex
924 4227 1048 4283 Historia
1101 4228 1274 4356 probabilius
1287 4230 1421 4286 Marcella
1439 4230 1501 4303 ipsa
1521 4253 1534 4284 i
1554 4236 1793 4291 monasteriorum
1805 4234 1830 4286 in
1842 4231 1896 4284 ihc·
1950 4223 1951 4306 i

225 4446 438 4516 rumuli-girum
447 4442 833 4500 monasteriumexstititsuh
844 4440 1046 4506 Heliaabbate,
1102 4442 1207 4514 cipiam
1222 4443 1353 4515 epistola,
1365 4459 1446 4500 num.
1461 4447 1489 4515 5,
1511 4451 1541 4501 et
1559 4448 1713 4505 vallarsius
1724 4449 1752 4505 in
1773 4438 1895 4502 notationi
1950 4475 1951 4490 .

225 4515 273 4586 qui
288 4515 403 4569 iliarum
417 4531 516 4569 curam
531 4530 597 4569 cum
611 4514 696 4569 laude
710 4512 799 4583 gessit
812 4527 862 4583 per
875 4528 967 4568 anuos
980 4486 1087 4584 qua-D
1103 4514 1165 4570 hus.
1180 4516 1219 4569 At
1230 4530 1316 4585 quam
1334 4518 1419 4571 tenue
1435 4517 1585 4574 exordium
1600 4525 1669 4576 tunc
1687 4519 1783 4576 hahuit
1797 4515 1894 4589 putauit
1950 4507 1951 4530 ¹

226 4581 1050 4708 dragiola.Nonsineautemstuporemaximeintclligimus
1102 4579 1894 4647 iliudHmceiiaeaomauummorimuriumt'emioeissiu!

227 4673 262 4713 ea
273 4655 377 4711 ttulino
393 4659 501 4724 nostro,
513 4655 548 4709 de
566 4654 638 4708 Vitis
673 4659 780 4720 strum,
792 4654 864 4709 libro
879 4669 898 4720 r,
912 4654 1005 4725 capite
1020 4655 1048 4718 5,
1104 4656 1280 4713 Ouascilicet
1289 4656 1413 4713 etaltera
1420 4662 1533 4715 tantum
1540 4662 1895 4729 consisituitsrcettsnenpc

227 4743 316 4784 unam
328 4726 478 4799 Oxyrinthi
495 4724 639 4781 ciuitatem
656 4725 687 4780 in
698 4727 829 4797 AEgypto,
853 4739 890 4779 ex
909 4724 1049 4780 relatione
1103 4728 1199 4793 vidua,
1213 4732 1243 4783 et
1255 4727 1400 4799 Principia
1416 4730 1535 4803 virgine,
1552 4748 1617 4802 quie
1634 4735 1812 4789 suburbanum
1823 4737 1894 4799 opit*
1950 4725 1951 4730 ’

227 4798 353 4873 episcopi
367 4799 422 4855 loci
443 4797 518 4853 illius
531 4796 584 4853 sihi
608 4796 694 4862 lacta,
717 4794 892 4851 continuisse
904 4811 1051 4851 sacrorum
1103 4796 1893 4877 promomstsm'otobucmm,sirmstsctomprosottisti‘se,
1950 4819 1951 4836 ο

226 4872 365 4944 virgiuum
375 4869 701 4942 vigintimillio,necnon
713 4867 844 4923 etdecem
851 4864 1052 4922 miliiamona·
1104 4874 1137 4926 ut
1151 4868 1339 4941 Hieronymus
1350 4871 1469 4939 ibidem,
1491 4890 1572 4929 num.
1587 4877 1615 4930 8.
1634 4880 1738 4932 Harum
1748 4868 1893 4931 timendi*

226 4945 357 4999 chorum.
372 4942 445 5008 Ouid
453 4958 520 4997 iero
535 4943 570 4997 de
591 4938 766 4996 monasterio
780 4936 911 5009 virginali
930 4938 1006 5009 quod
1021 4937 1050 4993 in
1105 4937 1894 5012 rumexemptumvetuusemeotuiitecunuissinuu,uoti

226 5009 1053 5072 sanctaBethlehemciiitatcfundaveratcelehrisHomana
1105 5012 1183 5067 brevi
1204 5013 1304 5070 Homae
1327 5018 1390 5069 orta
1405 5014 1546 5087 virginum
1561 5020 1746 5086 monasteria,
1767 5014 1893 5088 atquehpt

225 5087 312 5143 sidua
334 5085 433 5152 Paula,
455 5084 651 5140 Gracchorum
673 5088 702 5138 et
725 5080 889 5153 Scipionum
911 5080 1051 5152 sanguina
1105 5082 1263 5139 multarum
1278 5084 1423 5155 virgiuum
1442 5102 1562 5143 numero
1577 5095 1681 5147 aucta:
1700 5111 1713 5141 ‹
1732 5083 1893 5156 Hultoqnttll

225 5158 312 5229 clara,
330 5158 379 5214 sed
392 5156 477 5228 longe
490 5155 595 5212 clarior
609 5151 949 5235 Christiaua'humilitate
965 5156 1051 5244 atque
1105 5154 1359 5227 vixististempore,
1371 5157 1467 5212 subdit
1475 5158 1675 5233 Hieronymus,
1684 5167 1716 5217 ut
1724 5177 1756 5216 ex
1765 5153 1892 5214 imiuuoni

226 5230 332 5301 pictate
345 5245 352 5296 ;
367 5228 443 5284 etde
457 5244 514 5300 qua
528 5228 718 5300 Hieronymus
737 5224 857 5296 epistola
875 5223 928 5279 tos
945 5224 981 5278 ad
998 5224 1052 5278 hu·
1104 5225 1200 5290 vestri,
1213 5227 1428 5284 conversatione
1440 5229 1597 5286 multarum
1606 5234 1791 5302 gauderemus
1800 5230 1892 5300 auum

226 5300 369 5356 stochium
393 5299 494 5371 titiam,
517 5314 551 5355 ex
572 5299 698 5355 editione
721 5294 867 5368 praecitati
891 5293 1051 5350 vallarsii?
1106 5294 1212 5351 factam
1230 5296 1452 5370 lerosolymam.
1468 5304 1572 5358 Crebra
1587 5303 1727 5375 virgiuum
1740 5302 1891 5357 monasterie

228 5392 243 5420 ο
258 5373 353 5427 Plures
366 5372 502 5443 virgines,
515 5370 608 5441 inquit
622 5369 680 5432 ilie,
692 5383 764 5439 quas
775 5382 790 5421 e
800 5365 920 5421 diversis
935 5365 1050 5437 prosiu-
1104 5366 1314 5422 monachorum
1334 5369 1553 5429 innumerabilis
1573 5375 1744 5441 multitudo;
1763 5378 1792 5428 ut
1803 5382 1846 5440 pru
1855 5363 1893 5416 [tt

227 5440 278 5496 ciis
292 5448 489 5515 congregarat,
505 5445 566 5497 tam
582 5439 700 5504 nobiles,
713 5452 801 5509 quam
815 5436 903 5492 medii
915 5441 945 5492 ct
958 5436 1051 5493 intimi
1104 5432 1891 5518 quentiaserrientiumueo,qu0dprtustgoouiniutuerit
1950 5503 1951 5506 Ἴ

227 5513 350 5583 generis,
369 5512 470 5569 intres
491 5517 602 5568 turmas
625 5508 856 5579 monasteriaque
877 5507 994 5572 divisit3
1011 5508 1052 5563 ita
1104 5514 1178 5566 esset
1194 5515 1293 5581 postea
1303 5511 1414 5581 gloriis.
1438 5535 1448 5563 ι
1471 5516 1553 5572 brevi
1567 5516 1662 5590 igitur,
1678 5519 1707 5572 id
1718 5521 1760 5573 est
1768 5517 1825 5587 jam
1836 5513 1891 5581 wli

229 5585 390 5645 dumtaxat,
402 5589 434 5638 ut
447 5587 476 5638 in
488 5598 583 5655 opere,
599 5585 627 5636 et
641 5581 670 5635 in
685 5580 749 5635 ciho
763 5583 910 5650 separata,
925 5578 1052 5651 psalmo·
1103 5582 1167 5648 lta,
1183 5598 1239 5653 quo
1260 5582 1322 5639 bisc
1342 5583 1485 5641 scrihebat
1511 5589 1708 5661 Hieronymus,
1733 5590 1760 5643 et
1783 5576 1891 5658 principii
1950 5583 1951 5652 ζ

231 5652 324 5708 diiset
338 5653 513 5710 orationibus
535 5654 792 5726 jungerentur....
822 5650 1052 5723 Unumquodque
1105 5653 1288 5726 tameriguo,
1300 5652 1891 5726 οοΟοοὶοωηοΙηοηηὶῑἱηοηοιοηηη]οηεὶοῑὲῑῃ

232 5724 622 5851 Ἓηιρηιηοωοοηροηρηίοιη
635 5721 816 5804 sequebatur,
827 5726 881 5777 etc.
899 5724 1052 5805 13Mpgnam
1107 5722 1236 5808 cutibus.
1250 5741 1313 5798 quta
1333 5726 1442 5785 Orienti
1466 5730 1590 5804 amplius
1608 5747 1667 5789 oon
1681 5731 1818 5811 invideret
1829 5721 1890 5779 utili

232 5808 250 5858 y
276 5805 378 5871 ginum
387 5791 910 5867 oopumHethtebsmiticimoussterh
923 5792 1054 5852 hiccerts
1106 5801 1267 5872 pramrtim
1276 5799 1387 5872 Home,
1397 5799 1890 5880 muninimpsronturguibuat
