4009 6192
1839 3 1915 17 -,.-,-

239 229 295 289 dli
666 226 850 290 ΑΡΡΕΝὓΙΧ
869 224 1069 316 SERMONUM
1089 223 1121 287 S.
1144 224 1249 287 PETRI
1270 224 1509 289 cunrsomffl.
1859 232 1901 293 tit

239 360 310 416 sunt
324 355 475 427 uinculo,
486 360 557 414 sunt
568 357 692 432 stupori,
712 358 925 433 euntpavende
937 355 1060 414 mortali-
1076 375 1102 439 Α
1116 360 1229 415 cetum.
1242 358 1398 429 Repnemt,
1413 357 1521 432 inquit,
1536 372 1617 415 mors
1630 357 1669 416 ob
1681 358 1777 417 Adam
1794 362 1902 432 tuomet

237 444 380 520 bus,ipsis
388 442 479 503 etiem
487 449 556 502 sunt
570 444 739 504 eoelestibue
753 444 979 506 tremende·sed
987 444 1061 502 nibil
1115 448 1338 521 moeremium.
1355 465 1384 520 v,
1405 449 1461 521 tt).
1473 451 1506 506 tlt
1520 447 1612 507 alibi:
1633 447 1697 505 Noc
1721 456 1809 521 renuet
1832 464 1904 523 pecc

237 534 278 593 tte
293 536 393 606 stupet
402 533 519 601 coelum,
535 539 624 606 pavet
633 542 723 605 terra,
734 535 906 611 expavescit
919 533 1060 595 uniuersa
1116 541 1178 593 turn
1191 536 1222 593 ic
1236 545 1329 594 oestro
1337 537 1454 594 mortali
1462 552 1582 607 corpore
1591 535 1689 608 (leid,
1703 536 1758 608 le).

236 625 383 688 creatura,
398 638 492 696 quem
506 623 587 696 quod
601 640 655 681 vos
667 626 736 682 estis
746 623 929 683 hodienobis
939 622 1061 681 dicenti·
1150 623 1361 683 lintooluntee
1377 632 1429 683 tuo
1441 625 1515 684 ment
1524 624 1558 682 in
1570 624 1716 682 coehetic
1728 626 1904 684 terrebunciu

234 709 1058 775 busaumturi.Servusnominumranemvocmeeudet,
1115 718 1193 770 terra
1207 712 1301 772 multe
1315 718 1386 771 sunt
1395 728 1450 788 pro
1465 712 1579 771 diaboli
1591 713 1752 783 voluntate,
1763 728 1815 786 pro
1828 713 1904 770 seculi

233 797 366 872 judicem
379 814 469 856 suum
483 815 552 857 reus
573 806 728 875 nuncupat
741 801 913 876 genitorem,
927 797 1060 857 conditio
1115 802 1258 875 nequitia,
1271 818 1324 876 pro
1337 802 1489 861 voluntate
1503 801 1651 859 carniste
1666 801 1905 860 coelorerobtnihil

236 890 354 944 terrene
366 903 463 945 suase
473 904 544 946 voce
560 889 685 964 adoptet
702 889 844 957 infilium,
878 887 931 964 qui
944 892 1062 945 terrena
1115 895 1222 962 praeter
1234 890 1352 948 bomini
1364 890 1549 955 voluntatem,
1577 890 1708 948 Petimus
1723 904 1789 960 ergo
1800 894 1829 947 ut
1840 890 1906 946 iuter·

236 974 363 1048 perdidit
374 976 518 1035 existimat
531 993 561 1033 se
572 977 959 1049 Divinitetishoeredem,sed
970 974 1062 1034 eude-
1114 983 1215 1051 empto
1226 978 1359 1046 diebolo,
1376 983 1491 1037 utnoro
1501 978 1623 1049 seculo,
1635 983 1668 1036 ut
1679 982 1789 1036 mutato
1798 993 1905 1051 corpore

238 1064 386 1136 nunquia
398 1066 588 1140 presumptio
605 1066 729 1124 dicentis
743 1083 805 1125 non
819 1071 873 1132 est
893 1065 947 1122 ubi
959 1068 1061 1124 eucte-
1114 1066 1265 1125 destructo
1284 1069 1383 1126 mortis
1398 1068 1534 1142 imperio,
1555 1074 1584 1125 ut
1607 1066 1720 1125 ebolite
1733 1066 1906 1123 dominatione

237 1150 310 1209 ritea
323 1158 368 1211 est
379 1153 591 1228 iubentislpse
601 1155 676 1212 enim
691 1156 835 1214 voshodie
845 1155 943 1213 dicere
955 1151 1058 1220 voluit,
1115 1156 1237 1228 peccati,
1252 1156 1282 1214 in
1298 1156 1383 1224 eoelo,
1400 1157 1570 1223 clintone,
1593 1155 1624 1213 in
1640 1158 1698 1214 lieo
1712 1159 1740 1214 et
1754 1154 1906 1221 homiuibus,

236 1240 290 1312 qui
304 1256 360 1298 nos
372 1240 462 1300 hodie
473 1242 575 1301 docuit
588 1243 736 1302 sicorere.
767 1247 800 1302 Et
814 1243 888 1318 quid
899 1241 1021 1312 mirum,
1036 1239 1060 1297 si
1115 1259 1177 1303 una
1191 1244 1242 1301 bei
1255 1249 1283 1303 et
1291 1247 1400 1303 eedem
1417 1245 1456 1302 eit
1469 1245 1618 1303 voluutas.

237 1331 306 1385 tune
321 1327 459 1387 homines
475 1331 526 1388 liei
541 1332 765 1391 consecraritin
779 1331 868 1399 lilios,
883 1329 1008 1405 quando
1028 1342 1061 1385 se
1151 1332 1263 1391 Panem
1278 1333 1672 1406 nostrumquotidiocumdo
1683 1330 1908 1389 cobirtodie.lost

234 1413 407 1473 hominibus
421 1418 503 1475 dedit
512 1423 539 1476 et
547 1418 918 1493 eptevitiniiliumtcernis
930 1421 1061 1475 tuncne·
1114 1435 1242 1492 regnum
1254 1422 1383 1493 coeleste,
1399 1428 1549 1480 terrenum
1564 1437 1670 1495 penem
1684 1426 1839 1495 peterenon
1845 1420 1908 1492 jube

236 1510 332 1561 turrem
342 1507 525 1566 transtulitin
534 1509 798 1583 divinamquendo
805 1509 945 1567 deitatem
955 1508 1061 1566 hume·
1115 1525 1190 1576 mur.
1206 1510 1383 1584 prohibente
1398 1510 1464 1584 ipso
1474 1526 1538 1567 cum
1554 1508 1908 1567 dixitzNotitesoliicitieso

235 1607 303 1650 nem
313 1592 416 1652 detulit
426 1596 464 1655 nd
478 1603 628 1656 naturam.
642 1596 945 1657 Tunobominemeibi
955 1595 986 1652 in
1001 1611 1059 1653 coe·
1115 1598 1189 1671 quid
1199 1599 1531 1671 cruciareris,ontqeid
1545 1598 1766 1671 bibetisfflottt.
1776 1595 1907 1665 mittset

234 1679 361 1739 lentibus
372 1685 521 1757 prestittit
540 1686 735 1759 coheredem,
756 1685 880 1761 quando
894 1702 926 1743 se
943 1683 1061 1759 partici-
1076 1739 1101 1799 B
1115 1687 1258 1761 quiaipse
1276 1694 1316 1746 est
1326 1687 1513 1761 pannutius
1527 1685 1853 1757 condescendendum.
1871 1700 1907 1751 ιιι,

235 1784 306 1843 pem
320 1771 449 1830 reddidit
462 1777 666 1833 terrermrum:
681 1781 733 1834 aut
750 1775 861 1834 bomini
871 1772 1061 1846 negarequid
1115 1775 1172 1847 50),
1188 1776 1313 1850 petimus
1328 1780 1357 1833 et
1371 1791 1530 1849 precemur
1546 1781 1578 1833 ut
1591 1776 1692 1848 ipsum
1713 1789 1827 1848 panem,
1839 1787 1907 1845 quem

235 1860 347 1917 umoris
361 1862 1060 1940 potuit,quidmuneris‚quidhonoris‚qnitotum
1114 1863 1258 1938 quotidie,
1271 1864 1301 1921 id
1314 1868 1368 1934 est,
1389 1865 1500 1937 jugiter
1514 1864 1663 1931 suminus,
1687 1863 1717 1920 in
1730 1864 1873 1920 aeternitate
1881 1858 1907 1914 ed

234 1947 318 2022 quod
328 1956 392 2008 eret
400 1950 531 2010 hominia
539 1957 729 2027 etpeccatum
738 1954 910 2027 suscepitet
918 1950 1056 2011 mortem?
1114 1952 1226 2010 vietum
1246 1952 1380 2027 corporis
1395 1953 1559 2027 mentisque
1578 1953 1746 2025 cupiemus.

234 2039 610 2111 Antquomodohominem
621 2042 725 2101 insule
737 2043 889 2117 prosperis
899 2056 960 2099 uon
971 2039 1061 2099 habe
1150 2041 1187 2098 lit
1197 2042 1402 2099 dimitteretis
1414 2041 1746 2108 deucalionemne
1760 2053 1806 2094 nos
1814 2034 1909 2092 dimeti-

235 2119 289 2195 bit,
299 2126 351 2198 qui
363 2127 393 2183 in
404 2127 661 2188 adversiahomini
675 2147 707 2188 se
715 2130 783 2189 iecit
795 2146 860 2188 esse
867 2129 1060 2187 consortem?
1113 2146 1180 2189 mus
1193 2130 1372 2189 debitoribus
1381 2131 1501 2188 nostris.
1516 2129 1564 2187 Sic
1578 2128 1722 2193 dicendo,
1732 2126 1826 2192 bomo,
1839 2121 1908 2180 indul·

235 2213 450 2281 Hom0,redied
461 2216 555 2274 Deum
568 2217 611 2275 sio
620 2223 740 2277 umatus
754 2222 857 2285 elleo3
873 2223 902 2276 et
916 2216 957 2275 ed
965 2217 1059 2290 ipsius
1114 2219 1221 2289 gentle
1228 2218 1364 2291 modum,
1376 2234 1549 2277 mensuram
1560 2217 1656 2275 veniae
1668 2215 1800 2282 stetuisih
1809 2210 1909 2271 eltutibi

234 2295 518 2366 gloriemdetotum
534 2308 572 2372 te,
595 2305 689 2375 quise
711 2308 806 2362 totum
827 2308 950 2379 propter
980 2303 1058 2360 tead
1113 2305 1575 2380 dedisn‚quiah0minorantum
1586 2306 1638 2365 tibi
1648 2304 1734 2378 petis,
1744 2297 1910 2378 quantumui-

233 2388 316 2442 tuam
329 2385 452 2445 deduxit
477 2388 641 2462 injuriam
666 2397 785 2450 etvoce
808 2395 925 2450 Putrem
947 2389 1057 2459 fidens,
1113 2394 1231 2453 miseris
1247 2388 1909 2469 ipsoconservmuimittcergodelinquentiae

233 2488 326 2548 quem
337 2478 422 2533 tento
431 2491 534 2536 amore
543 2490 557 2523 ¹
567 2483 653 2538 tuum
667 2480 789 2554 probes,
806 2481 909 2549 sentis,
920 2479 1058 2551 iutelligis
1113 2485 1218 2549 totum,
1231 2483 1255 2540 si
1269 2483 1315 2540 via
1328 2483 1392 2557 ipse
1404 2483 1442 2540 de
1457 2484 1516 2541 tuis
1526 2481 1602 2541 nihil
1620 2482 1751 2541 Domino
1765 2479 1861 2538 debere
1872 2475 1909 2531 de-

233 2571 300 2615 ⁰⁸⁸⁰
313 2559 490 2633 80¹¹st⁰i⁰ms
1111 2571 1197 2630 lictis.
1212 2569 1245 2628 lu
1258 2570 1350 2630 eltero
1360 2571 1474 2630 dimitte
1484 2572 1549 2645 tibi,
1564 2573 1590 2629 si
1604 2571 1653 2629 vis
1666 2573 1731 2647 ipse
1743 2568 1867 2627 vindicem
1876 2562 1909 2617 vi·

269 2647 362 2706 Pater
374 2654 476 2708 noster
485 2652 576 2724 quies
594 2653 625 2710 in
635 2654 726 2712 ecee.
734 2653 821 2723 Quod
831 2652 1058 2712 nondumnetus
1112 2664 1175 2718 rare
1197 2660 1384 2717 senmnriam.
1963 2724 1966 2737 ¹

233 2734 348 2794 Putrem
360 2742 458 2804 vocet,
471 2754 561 2797 nemo
573 2741 705 2799 miretur.
718 2743 778 2800 lieo
795 2746 865 2801 nata
878 2747 950 2801 sunt
960 2741 1057 2800 nesci·
1148 2749 1187 2806 Er
1201 2764 1239 2807 ne
1249 2763 1303 2807 nor
1317 2749 1439 2807 inducas
1451 2750 1484 2807 in
1498 2749 1705 2809 tentationem,
1720 2743 1909 2806 haurientium
1962 2750 1966 2841 i

232 2827 311 2893 tura,
324 2825 425 2885 lutura
436 2827 516 2887 tacte
526 2834 597 2887 sunt
607 2832 675 2889 beo.
696 2829 787 2899 Fecit,
805 2831 914 2907 inquit,
931 2847 995 2906 quer
1008 2833 1058 2901 su·
1112 2837 1293 2917 teatensium
1306 2837 1499 2912 scriptumest
1514 2854 1521 2905 ;
1539 2837 1593 2895 sed
1607 2843 1724 2895 tentore
1737 2834 1843 2899 dicitur,
1857 2841 1910 2885 cuti
1963 2860 1966 2893 ι

233 2917 300 2971 ΝΜ
315 2920 384 2970 ⁸²⁰¹!
397 2915 529 2984 (EM-tt.
540 2918 594 2991 ¹⁰)·
608 2918 680 2976 Ηίῠθ
693 2923 737 2976 esi
746 2919 868 2992 quodin
877 2923 958 2976 utero
971 2935 1057 2976 tuum
1112 2925 1326 2984 contumaciter
1337 2931 1441 2983 euntes
1450 2926 1490 2984 ed
1504 2926 1699 2984 tentationem
1713 2926 1828 3000 laqueos
1840 2917 1909 2976 deth·
1963 2932 1966 2943 ·

232 3001 362 3058 Joennes
372 3005 463 3062 sensit
472 3011 660 3065 auctoremet
673 3012 770 3066 exstet
780 3008 1057 3082 nuntiusmatriqui
1112 3014 1186 3089 quir.
1199 3014 1355 3073 Sia-,Adam
1376 3015 1529 3073 tentatoris
1554 3014 1684 3074 incurrit
1710 3007 1909 3075 insidiandum
1963 3000 1966 3009 “

232 3092 295 3145 eret
303 3090 419 3148 nescius
434 3091 512 3149 vitm.
529 3095 601 3152 ilinc
615 3099 660 3153 eat
672 3095 755 3169 quod
766 3096 859 3154 lecob
869 3102 937 3156 ante
948 3096 1058 3169 legitur
1070 3093 1093 3155 G
1111 3105 1158 3160 sui
1168 3107 1313 3177 precepta
1325 3103 1433 3160 deserit
1447 3103 1598 3161 creaioris.
1610 3104 1699 3162 Unde
1714 3104 1909 3167 eulemetaquo

230 3174 360 3234 bellasse
375 3194 468 3251 quem
480 3182 575 3252 nesci,
584 3184 673 3257 eoepit
687 3189 756 3241 ante
768 3185 952 3258 triumphare
966 3201 1054 3259 quem
1109 3192 1339 3249 tentaturhomo
1346 3191 1480 3265 prodidit
1493 3192 1535 3248 sic
1546 3191 1681 3250 dicendo
1694 3211 1700 3249 :
1714 3190 1771 3250 Sed
1784 3188 1909 3245 tiberem

231 3264 339 3322 vivere.
355 3266 428 3325 Hinc
438 3271 484 3325 est
497 3269 574 3342 quod
585 3270 646 3342 jam
658 3276 725 3329 sunt
749 3274 806 3330 ileo
821 3273 873 3346 qui
884 3273 941 3329 sibi
955 3272 1055 3330 edhue
1109 3281 1238 3347 amnto;
1253 3280 1310 3338 hoc
1323 3283 1366 3337 est
1380 3296 1398 3337 a
1415 3278 1603 3354 diabolo,qni
1615 3283 1709 3338 totius
1721 3279 1787 3338 meli
1795 3283 1821 3335 el
1829 3276 1910 3332 auctor

231 3359 379 3422 nonsunt,
399 3357 542 3430 quonium
554 3356 637 3417 olenti
647 3359 717 3417 estis
726 3363 796 3418 ante
814 3359 1055 3418 constitutionem
1109 3372 1154 3425 est
1163 3373 1193 3427 et
1202 3367 1297 3441 origo.
1314 3367 1456 3426 Diabolus
1466 3373 1572 3427 natura
1582 3368 1639 3427 tuit
1656 3369 1788 3435 scelestis,
1802 3362 1910 3422 nnncsst
1968 3428 1969 3445 χ

230 3445 346 3501 muudi.
363 3446 453 3504 Potes·
466 3455 558 3505 uerter
571 3450 622 3521 qui
639 3465 668 3509 es
687 3451 721 3507 ic
732 3451 821 3508 emtis.
838 3452 902 3509 Nou
914 3449 993 3523 quod
1008 3449 1055 3507 itte
1108 3450 1909 3530 nequiusspiritualis,emtumejorsseculomocmdimu
1968 3448 1969 3529 l

230 3546 293 3590 non
303 3534 381 3591 sitin
395 3539 483 3606 terre,
496 3536 546 3594 sed
559 3543 591 3595 ui
606 3544 637 3595 tu
647 3553 700 3612 per
711 3537 770 3596 hoe
789 3552 913 3609 germen
923 3553 988 3595 esse
1002 3553 1054 3596 no·
1109 3544 1205 3611 tritus,
1215 3544 1344 3602 laedendi
1355 3551 1418 3604 erte
1431 3546 1637 3620 peritissimus.
1658 3548 1804 3605 Undeuon
1814 3547 1911 3598 tamma·
1968 3538 1969 3627 i

231 3622 343 3681 rerista
356 3623 485 3692 eoeieste,
500 3627 533 3682 Et
551 3624 576 3682 si
590 3629 616 3684 te
633 3625 729 3685 illium
744 3628 794 3685 liei
809 3631 843 3685 tu
861 3626 972 3698 leteris,
988 3628 1055 3685 vive
1108 3631 1166 3702 lus,
1182 3627 1910 3711 aedmelumdicitur‚aquoestomnequodmelum
1968 3634 1969 3707 γ

229 3711 318 3780 quasi
333 3711 380 3767 bei
395 3712 483 3779 iilius,
499 3719 530 3772 ut
544 3719 623 3783 ertu.
639 3715 882 3788 vitambtutibus,
896 3719 1056 3791 tantopos·
1110 3722 1636 3798 estilincestquodpropriisviribus
1649 3727 1741 3783 homo
1752 3718 1909 3780 liberariuon
1968 3710 1969 3793 l

230 3795 273 3852 sis
292 3801 471 3873 respondere
489 3803 627 3874 genitori.
1109 3815 1206 3886 potest
1219 3810 1388 3869 carnalibus
1404 3811 1528 3871 uinculis
1554 3812 1697 3885 illigatus.
1715 3809 1864 3871 Petendum
1875 3804 1910 3858 est
1968 3800 1969 3883 l

266 3887 478 3959 Sanctificetur·
488 3894 916 3962 eromentuum.0uiaechristo
930 3900 1054 3953 vocatus
1110 3915 1180 3973 ergo
1194 3897 1280 3956 nobis
1296 3904 1328 3956 ut
1341 3902 1416 3957 tiens
1431 3916 1487 3957 nos
1499 3917 1518 3958 e
1531 3901 1656 3958 diabolo
1672 3896 1833 3971 liberatum
1847 3888 1910 3949 Cbri·
1968 3892 1969 3977 l

230 3991 261 4032 ee
279 3975 472 4046 Christianus,
488 3982 561 4055 petis
574 3987 606 4039 ut
616 3983 814 4057 prerogativa
837 3983 910 4042 tenti
923 3984 1054 4041 nominis
1110 3977 1910 4058 suumrer1·is‚urdiab01umvincemucommodaritnla·
1968 3992 1969 4013 ι

230 4067 428 4125 sanctificetur
437 4069 468 4127 in
480 4077 518 4143 te,
530 4071 603 4145 quie
617 4088 729 4131 nomen
744 4073 795 4130 Dei
809 4071 892 4147 quod
915 4088 969 4146 per
979 4090 1013 4130 se
1027 4080 1055 4131 et
1109 4082 1180 4144 met,
1194 4077 1302 4134 clamet
1315 4077 1408 4134 homo
1421 4077 1460 4134 ed
1476 4081 1579 4145 ileum,
1595 4078 1708 4136 clamet
1723 4097 1730 4136 :
1746 4076 1910 4134 Liberunum
1968 4150 1969 4155 η

230 4161 369 4212 sunctum
382 4156 437 4214 sibi
450 4162 505 4226 est,
519 4166 571 4216 aut
585 4161 787 4219 sanctificetur
806 4161 836 4218 in
847 4161 936 4218 nobis
950 4166 1055 4219 nostro
1109 4165 1194 4233 molo,
1211 4169 1372 4222 ulutanto
1386 4164 1477 4233 melo,
1493 4164 1558 4224 solo
1571 4166 1690 4226 Christo
1702 4167 1842 4227 vincente,
1855 4156 1911 4214 libe
1968 4182 1969 4211 1

230 4248 307 4308 notu,
331 4249 382 4302 eut
396 4251 501 4302 nostro
520 4253 589 4305 actu
613 4249 840 4322 blasphemetur
855 4250 886 4306 iu
902 4249 1053 4321 gentibus.
1109 4267 1221 4309 remur.

263 4330 407 4388 Adveniet
424 4340 731 4408 circumlucentem
748 4337 840 4393 dicit:
860 4338 987 4407 hennum
1000 4338 1054 4395 Dei
1143 4340 1234 4398 Peter
1244 4348 1346 4409 certer,
1361 4342 1412 4414 pei
1426 4358 1455 4398 es
1466 4342 1499 4398 in
1510 4342 1718 4400 celebrandi
1731 4336 1911 4402 rhemense

229 4416 312 4473 iutro
324 4426 420 4475 ocreae
432 4421 584 4488 (Lernen,
598 4422 651 4493 tt).
673 4424 701 4480 Si
716 4424 794 4482 intre
805 4439 861 4480 nos
879 4429 933 4491 est,
953 4425 1091 4506 veniet„
1108 4429 1183 4486 riam
1200 4429 1331 4503 petendi.
1343 4428 1532 4503 supplicandi
1548 4446 1690 4489 normam
1705 4419 1911 4505 pancissimisiu

228 4502 302 4575 quid
313 4508 507 4565 oramus‘lest
517 4510 548 4566 in
559 4510 676 4578 sideest
690 4512 788 4586 inope,
804 4514 888 4571 estin
901 4521 1053 4590 exspecta·
1106 4517 1205 4574 verbis
1217 4518 1279 4591 ipse
1295 4518 1365 4588 eibi,
1380 4518 1431 4592 qui
1445 4519 1497 4574 tibi
1509 4523 1552 4576 est
1564 4521 1746 4587 exorandus,
1762 4509 1913 4579 indulsiuut

228 4590 317 4658 tione,
333 4594 386 4649 sed
402 4600 434 4651 ut
448 4597 545 4655 veniet
557 4598 622 4670 jam
643 4615 810 4673 precamur.
828 4602 928 4662 Veniat
951 4607 1052 4662 eutem
1107 4621 1143 4663 er
1156 4607 1213 4663 boc
1228 4610 1260 4663 tu
1274 4607 1393 4680 petendi
1404 4623 1507 4664 sumes
1517 4613 1691 4665 sensum.ut
1701 4606 1913 4670 intellectuum

228 4678 326 4749 nobis,
338 4696 398 4737 non
410 4681 451 4739 illi
466 4683 901 4762 quisempereorrr¹egnetl³ntri
912 4708 1053 4758 sunmem·
1107 4693 1237 4751 stulendi
1253 4695 1366 4767 capias,
1385 4711 1558 4753 mensuram
1572 4697 1699 4769 colligas
1711 4687 1913 4768 impetrandiet

227 4783 281 4841 per
295 4775 399 4842 regnet
408 4771 438 4827 in
452 4773 610 4841 retrusae
623 4776 723 4833 veniet
734 4777 821 4835 nobis
833 4796 839 4834 ι
857 4781 963 4846 Venite,
973 4782 1052 4840 bece-
1105 4784 1186 4842 breui
1198 4784 1369 4855 megisterio
1381 4785 1487 4843 urendi
1499 4786 1678 4844 tutissimum
1690 4785 1792 4858 capias
1806 4770 1914 4847 discipli·

226 4858 1052 4942 dictiPatrismei.per·ctpiterepetamquoduobisporotnm
1106 4862 1913 4947 nam;simulquiaademorisjudioiurnrexipseoffici⁰

226 4953 266 5005 ert
280 4948 439 5022 eboriqine
449 4952 556 5009 muudi
571 4954 941 5028 (liottb.xar,3t).llieimus
951 4961 1051 5018 vestiet
1106 4962 1226 5020 iunctus
1236 4962 1437 5029 estudvoeati,
1452 4969 1484 5021 ut
1499 4978 1603 5037 preces
1613 4963 1912 5038 quibusmspcmmm

225 5041 532 5110 recuumrcnmutsio
549 5044 624 5101 [leus
640 5051 742 5116 regnet
753 5046 784 5102 in
800 5045 1052 5121 nobis‚quatenus
1105 5056 1170 5109 erat
1183 5052 1246 5126 ipse
1261 5052 1393 5110 dictaret.
1422 5053 1575 5110 Cunctatio
1596 5052 1700 5110 ableto
1725 5055 1768 5110 est
1782 5050 1839 5106 tote
1859 5054 1913 5115 pru

226 5126 256 5182 in
268 5129 356 5185 uoltis
366 5129 483 5187 desinet
493 5147 575 5188 mors
590 5134 1051 5209 1·egnare,dssiuatreguarepec·
1108 5141 1251 5210 merendi,
1264 5142 1399 5216 qnando,
1426 5143 1526 5215 ipsum
1540 5143 1644 5213 selegit
1665 5142 1697 5199 in
1731 5137 1859 5215 precibus
1871 5126 1912 5203 qui

260 5304 474 5389 §Editumeret
487 5314 545 5364 trem
564 5310 674 5393 γνώω.
690 5311 779 5380 lntra,
808 5313 838 5369 in
858 5329 943 5371 versu
964 5318 990 5370 et
1004 5315 1051 5371 di·
1107 5321 1217 5373 ctorem
1230 5317 1574 5376 suumnouintellcreret
1600 5316 1748 5381 teberius.
1763 5328 1824 5372 cum
1842 5309 1912 5365 itm·

225 5375 312 5438 mette,
328 5376 472 5462 edidimus
500 5382 528 5435 si
540 5397 581 5464 err
594 5382 659 5465 ipre,
687 5383 736 5440 ubi
751 5384 898 5458 legebatur
908 5386 969 5445 suis
981 5388 1048 5459 epse.
1105 5404 1168 5461 pres
1194 5389 1346 5471 legendum
1372 5404 1434 5447 esee
1447 5391 1581 5463 conjecit,
1601 5388 1650 5445 ubi
1679 5387 1799 5460 legitur:
1811 5398 1830 5440 o
1843 5380 1912 5437 Petit

227 5440 285 5523 Sub
298 5443 385 5502 tinem
410 5453 498 5505 ehem
511 5465 677 5524 sumpsimus
691 5471 698 5509 :
713 5463 745 5511 nt
752 5472 846 5529 prece
861 5457 968 5530 quidm,
983 5474 1050 5514 eum
1106 5459 1203 5517 Filiae
1214 5467 1379 5534 interprete.

226 5511 335 5567 editum
350 5519 522 5576 emmanuet
537 5536 544 5578 ι
560 5527 595 5578 ot
615 5525 738 5594 precibus
751 5526 862 5597 usibus.
880 5527 986 5587 Stetirn
1001 5545 1051 5585 an·
