4009 6192
80 306 152 371 iss
521 308 582 373 ra.
606 306 796 372 nimiam
818 308 997 372 iromcis
1018 312 1088 374 iio
1108 313 1138 375 s.
1162 292 1380 381 simmam.
1745 323 1801 383 ise

76 435 277 523 perspeessit,
291 437 424 521 seipsam
437 438 495 512 ipae
505 446 641 513 tempium
657 441 690 497 de
703 441 778 497 duro
787 440 864 499 silica
877 459 924 497 sio·
937 443 962 506 A
976 442 1061 499 unico
1075 448 1191 516 puncto,
1214 461 1271 502 noa
1293 447 1413 504 omnino
1432 448 1580 523 Pelagium
1604 452 1800 519 sectabantur,

78 516 144 567 stri
160 509 253 565 cordis
266 518 430 573 recurrerit,
441 512 565 583 confovet
576 528 634 568 eam
646 520 674 569 et
687 514 845 576 exsuscitat,
856 529 923 569 ssio-
977 516 1029 570 aad
1048 516 1134 571 seluti
1150 515 1271 573 dimidia
1283 533 1316 573 ex
1332 524 1424 590 parte.
1439 521 1512 576 Nam
1526 539 1591 578 cnm
1604 522 1733 594 Pelagius
1743 540 1802 580 me·

78 581 533 721 &affligammi
550 584 585 638 Et
598 600 661 709 cap.
681 583 831 710 annecti:
856 584 923 710 Curtii
976 585 1064 710 {litum
1080 587 1253 713 condilgnum
1276 588 1305 644 iii
1321 591 1508 675 naturalibus·
1521 588 1654 717 operibus
1670 599 1801 665 respectu

79 724 237 806 opem
251 738 313 805 a.
328 668 922 808 0.,..i.,.,tt.t,tta‚t.tttll.i
976 663 1802 811 irrisisset.‚atttriti..literaturatritt:

79 794 224 876 tribueris.
239 808 368 873 enorum
390 793 433 876 oct
450 796 762 922 swgstantmerrt,ost
774 804 867 879 nostro
879 814 922 852 co
975 797 1037 853 rate
1050 798 1252 865 admittebant,
1267 802 1344 872 quod
1367 806 1442 858 esset
1455 802 1556 858 salutis
1577 808 1684 860 nostias
1700 804 1803 863 tunda-

78 870 159 922 risrtsi
195 863 471 923 macaronesum.
532 867 658 923 imilibns
682 868 922 940 disjunctionibus
976 871 1801 946 mentnmetgratiambominiconciliaret;qaamrisillud

79 938 185 991 scatet
198 938 261 991 tota
286 933 336 989 illa
350 934 475 1001 collatio,
505 941 534 993 et
556 942 709 1010 propterea
730 938 882 994 concilium
903 954 921 994 ii
975 942 1048 995 adeo
1060 940 1133 998 exile
1144 947 1304 1007 censerent,
1318 946 1350 999 ut
1363 943 1409 999 six
1424 945 1542 1001 nomiae
1554 945 1649 1001 meriti
1671 945 1742 1001 illud
1759 946 1802 1002 di·

78 1005 221 1063 Arausio.
240 1005 347 1088 camb,
362 1005 543 1089 peculiariter
562 1025 595 1065 ac
615 1008 745 1074 seorsim,
770 1025 921 1082 suppresso
974 1016 1140 1082 gaareatur.
1163 1012 1235 1077 Quia
1249 1017 1347 1069 tamen
1362 1014 1408 1070 bic
1422 1031 1522 1071 eorum
1545 1030 1626 1072 error
1639 1020 1702 1072 erat
1714 1016 1800 1073 relati

80 1077 156 1134 licet
186 1077 458 1147 Cassiamaoiniae,
481 1080 604 1135 damnat
629 1080 843 1154 ejuserrorem,
864 1097 921 1151 quo
975 1082 1068 1152 portio
1084 1082 1588 1154 plenitudinisittiussrrorumaPal
1628 1084 1799 1153 'oinveoue

80 1148 182 1231 aliqui
192 1148 229 1204 ad
245 1149 335 1230 Deum
350 1148 485 1206 accedere
496 1150 630 1207 dicantar
646 1167 697 1222 per
710 1150 832 1207 libemm
846 1150 922 1207 arbi·
975 1156 1004 1207 et
1018 1152 1068 1208 illa
1082 1154 1193 1226 gratiis,
1207 1160 1238 1210 ut
1248 1172 1312 1211 cuni
1332 1155 1436 1212 Fausto
1451 1156 1479 1212 lo
1500 1172 1561 1223 aar,
1581 1173 1615 1213 oo
1629 1159 1734 1214 animis
1753 1175 1802 1213 ari·

79 1224 180 1276 trium
196 1223 404 1291 praevenientes
418 1221 658 1285 Deumaliisero
672 1221 858 1294 perdirinam
868 1222 919 1277 ini·
973 1224 1064 1278 ιοὶοοι
1073 1225 1262 1292 protendentia
1272 1226 1423 1282 advocatio
1436 1243 1486 1298 per
1516 1243 1655 1283 umanum
1671 1227 1801 1285 laborem

79 1291 279 1347 semcordiam
294 1290 378 1346 alteo
391 1292 527 1362 praesenti
540 1293 617 1349 idem
629 1297 766 1363 prestare
776 1292 918 1349 dicuntur.
973 1295 1120 1350 sternebat
1134 1296 1210 1352 siam
1224 1298 1260 1352 ad
1276 1298 1474 1353 renovandum
1498 1297 1674 1370 praecipuum
1695 1299 1800 1381 Pelagii

80 1362 173 1429 Quod
189 1360 343 1417 concilium
357 1361 398 1417 ait
409 1362 534 1419 exscindi
551 1363 705 1420 universali
720 1364 770 1419 illo
783 1363 918 1418 oraculo:
973 1380 1113 1432 errorem,
1129 1384 1185 1438 quo
1204 1368 1331 1423 divinam
1342 1370 1467 1439 gratiam
1477 1385 1528 1451 per
1539 1369 1684 1424 naturalia
1697 1374 1801 1425 merita

79 1435 177 1491 Nesso
193 1436 266 1488 esim
324 1438 373 1488 test
386 1435 478 1489 unire
492 1434 528 1489 ad
538 1452 589 1500 isse,
601 1435 658 1490 sitsi
672 1436 759 1491 Pater
772 1451 849 1490 meur
862 1441 920 1490 tro·
974 1436 1037 1490 dari
1048 1438 1249 1504 contendebat,
1263 1444 1413 1510 propterea
1422 1440 1490 1495 dicti
1500 1444 1568 1495 snat
1581 1439 1801 1512 Pelagiaaornm

79 1507 254 1561 uriteuoi.
296 1508 308 1559 t
330 1504 417 1560 citato
441 1505 599 1576 apostolico
622 1522 723 1562 omnen
748 1522 774 1563 se
796 1521 919 1562 uecoin·
973 1506 1802 1590 reliquia;loquorssiidctruscctiosiiiss(scrbssuntPro-

78 1576 289 1658 prehendente
304 1574 414 1658 {mimi
430 1575 516 1647 plane
537 1592 634 1643 nemo,
651 1581 683 1632 ut
700 1523 918 1659 conciqiumex-
973 1594 1048 1649 speri
1063 1578 1144 1651 epist.
1161 1581 1197 1635 ad
1221 1580 1368 1650 Ratlnum)
1381 1580 1494 1638 terico
1515 1581 1667 1653 Pelopiana
1680 1581 1802 1653 palpita-

79 1647 200 1774 3cndit,
216 1661 274 1701 non
288 1645 377 1716 aliqui
402 1647 563 1713 dumtaxat,
585 1653 668 1720 potest
687 1647 777 1704 dicere
789 1648 919 1703 Dominus
972 1656 1025 1703 ret.
1039 1651 1073 1705 Et
1087 1650 1117 1704 ia
1130 1650 1213 1721 epist.
1227 1651 1264 1707 ad
1277 1652 1348 1724 Aug.
1362 1668 1368 1706 :
1385 1654 1419 1708 Iis
1435 1652 1496 1707 istis
1507 1652 1667 1721 Pctapionar
1678 1652 1801 1724 prauita-

99 1734 165 1773 eeus
175 1717 236 1773 sisi
247 1733 278 1771 is
289 1715 396 1788 Spiritu
406 1724 508 1774 sancto.
973 1721 1010 1774 tis
1027 1721 1164 1791 reliquiis,
1180 1739 1233 1776 sion
1247 1723 1406 1779 niediucrasri
1428 1723 1588 1779 os'rstesria
1597 1723 1695 1794 Abram
1708 1726 1800 1778 natri-

119 1790 300 1855 Qnarecnm
327 1787 482 1844 Cassianus
505 1788 610 1844 alicubi
637 1792 752 1844 tantum
775 1788 1028 1848 memoratBtom
1043 1791 1180 1873 queritur.
1205 1794 1239 1849 Et
1266 1792 1314 1848 lib.
1331 1793 1548 1850 coatraColtat.
1568 1809 1629 1865 cap.
1659 1794 1689 1848 lt
1714 1793 1800 1868 bajus

81 1858 315 1932 praeventionem
335 1858 385 1914 Dei
407 1874 460 1931 per
487 1859 667 1916 volantatem
690 1862 818 1915 cresim
837 1859 919 1932 cujas
972 1862 1799 1936 errorisassertores‚reioseudociaercsPelagisnidogma·

81 1934 204 1985 motam
220 1927 418 2001 praestolatum
433 1928 501 1986 alibi
516 1935 623 1997 autern,
638 1946 671 1986 ac
678 1929 849 1986 nominatim
863 1930 920 1985 col·
973 1931 1010 1987 tis
1017 1933 1080 2005 jain
1095 1933 1237 1999 exstincti,
1254 1934 1434 1991 deiicientem
1449 1934 1519 1990 turni
1534 1933 1666 1991 nidorem
1680 1934 1709 1990 ia
1722 1934 1799 1991 redi·

82 2001 139 2057 lat.
157 2002 188 2067 3,
215 2016 273 2055 non
287 2000 376 2057 semel
391 2005 535 2057 memoret
557 2005 670 2056 tantuin
691 2000 919 2073 proscutionem
972 2002 1067 2058 risam
1083 2003 1362 2061 flammamconatos
1384 2005 1550 2062 accendere.

82 2071 221 2129 divinam
240 2087 297 2144 qna
319 2070 414 2127 omnis
428 2071 585 2128 voluntatis
604 2076 700 2127 motus
719 2070 918 2137 auteres-titur,
1008 2076 1052 2131 18.
1067 2076 1090 2129 A
1105 2074 1246 2147 plerisque
1259 2075 1800 2147 vocanturltassilienses3quiscerera

81 2159 144 2200 non
174 2148 219 2199 eat
238 2141 439 2200 inconstantius
464 2142 685 2208 insimulandus,
712 2147 744 2199 at
771 2141 860 2213 aliqui
873 2141 919 2198 bic
971 2144 1092 2216 Prosper
1111 2144 1193 2201 initio
1207 2146 1336 2218 epistolia
1349 2147 1385 2202 ad
1400 2146 1602 2218 Augustinnm,
1615 2162 1663 2203 eos
1675 2162 1798 2219 quorum

81 2212 349 2343 tibitibi&
362 2212 729 2341 attactibus?
747 2212 919 2340 ‘tilitas
972 2217 1532 2344 rettulitretiulit:tlt
1545 2216 1799 2343 'tibitibi

81 2302 160 2413 tinen
185 2301 513 2429 justiamiio'aisfcffinse
534 2360 634 2412 uenter
646 2301 763 2437 quandiiu)
781 2371 816 2410 ue
827 2370 917 2411 unain
973 2361 1061 2413 tataris
1074 2358 1164 2413 studio
1178 2329 1251 2414 ciros,
1265 2305 1358 2415 (inisse
1379 2304 1668 2429 secuturzr‘iimirnm
1684 2361 1800 2414 estune

81 2426 502 2510 pmreatioaem,quaadoqae
510 2374 598 2483 iliam
611 2443 661 2498 pro
669 2372 802 2509 institutio
811 2428 840 2508 et
854 2426 917 2510 sab·
972 2428 1043 2510 urbe
1055 2428 1206 2485 eCassiani
1217 2429 1368 2510 disciplina
1380 2428 1581 2486 excultissimis
1593 2428 1622 2483 la
1633 2443 1665 2484 re
1675 2428 1799 2484 ascetica

79 2503 162 2573 jecta
169 2502 294 2554 materia
306 2502 450 2570 proponit,
465 2501 498 2555 ut
511 2498 633 2570 Prosper
646 2501 730 2555 etiam
740 2500 852 2552 notarit
865 2496 915 2553 lib.
971 2503 1000 2554 et
1015 2503 1118 2555 virtuts
1133 2499 1284 2556 monacbis
1306 2499 1538 2582 instructissima,
1567 2515 1639 2570 qnos
1651 2498 1728 2555 inter
1738 2499 1799 2582 ipse

81 2574 189 2626 contm
204 2568 306 2626 collat.
327 2584 353 2626 c.
368 2569 416 2625 38.
971 2569 1134 2636 Cassianus,
1146 2570 1224 2626 relat
1238 2571 1313 2627 inter
1328 2572 1408 2653 ignes
1418 2570 1487 2626 lnaa
1497 2585 1634 2634 minores,
1650 2571 1799 2642 insigniret

118 2642 166 2696 Ab.
184 2642 250 2696 aas
264 2639 331 2696 licat
354 2639 396 2696 ita
410 2638 590 2705 rehabeant,
608 2637 797 2694 nihilominus
807 2639 915 2710 passim
969 2640 1072 2703 clarus
1089 2645 1121 2695 ut
1129 2642 1248 2711 Prosper
1260 2641 1325 2697 Tiro
1337 2658 1365 2697 in
1379 2641 1519 2698 Chronico
1533 2640 1659 2711 loquitur
1671 2640 1709 2695 sd
1721 2640 1799 2696 Chri·

82 2710 215 2768 Cassiani
227 2709 596 2794 errorSemipelagiaaismi
608 2709 833 2782 notasnifigitur,
844 2709 917 2780 ipse·
970 2710 1007 2765 sti
1019 2726 1126 2766 anania
1151 2712 1213 2777 ⁴36,
1229 2711 1408 2782 splendebat,
1428 2716 1457 2767 et
1470 2710 1630 2767 eruditione
1645 2714 1675 2766 et
1695 2710 1799 2766 sancti·

82 2799 139 2855 qne
151 2782 306 2839 Cassianus
330 2780 569 2853 semipelagianis
588 2784 764 2845 accensetur,
780 2781 915 2851 quiaque
970 2781 1080 2836 monis.
1094 2783 1131 2838 Ut
1145 2786 1293 2864 propterea
1308 2783 1340 2838 S.
1359 2783 1478 2853 Prosper
1500 2779 1583 2852 epist.
1601 2779 1638 2835 ad
1651 2779 1797 2851 suanum,

84 2870 120 2910 ex
136 2859 219 2925 parte
235 2852 411 2910 voluntatem
425 2852 581 2924 aliqnando
590 2852 649 2907 Deo
662 2850 765 2935 praeire
774 2849 875 2906 statuit
885 2851 914 2905 in
970 2852 1006 2907 dc
1016 2852 1070 2907 lioc
1081 2852 1109 2907 ia
1123 2852 1344 2908 Massiliensibus
1354 2854 1488 2907 virtatem
1497 2851 1600 2916 studio,
1611 2858 1737 2907 ecoctam
1745 2867 1797 2922 pe·
1911 2860 1914 2864 ’

84 2924 187 2981 salutis
212 2925 339 2996 negatio,
368 2940 402 2981 ea
421 2939 455 2980 ex
482 2928 563 2989 parte
592 2920 914 2994 semipelagianismum
969 2920 1795 3048 sterilescitdemoramfrobitatediscrimesi,ingemiscat;

84 2998 290 3053 misissent:
307 2994 380 3051 sicut
394 2994 447 3066 ipsi
469 2992 702 3066 Semipelagiani,
715 2992 784 3064 quia
807 3008 865 3064 qua
880 3007 915 3048 ex
970 2993 1108 3049 secuturis
1124 2994 1206 3051 tacite
1217 3010 1291 3065 popu
1305 2992 1328 3049 is
1338 2993 1493 3066 qnodillnd
1507 2998 1567 3048 tarn
1578 2991 1719 3048 illustrem
1786 3020 1796 3037 ·

105 3071 168 3123 arte
184 3065 351 3121 statuebant
369 3065 592 3137 procreationem
608 3065 766 3121 humanam
778 3063 914 3119 auxilium
969 3064 1013 3138 gis
1027 3063 1133 3120 christi
1150 3065 1310 3137 portionem
1325 3065 1461 3137 probasse
1488 3063 1692 3135 perspicerent.
1742 3063 1796 3120 ila·

126 3138 331 3203 iaateccdere,
358 3136 474 3218 Pelagio·
489 3136 686 3219 adhaerebant,
710 3134 778 3191 Pela
800 3133 914 3215 'anismi
931 3140 954 3203 c
969 3136 1029 3192 rius
1050 3139 1148 3191 tamen
1172 3135 1254 3191 initio
1270 3135 1399 3208 epistolae
1420 3137 1457 3191 ad
1478 3138 1521 3190 An
1542 3135 1680 3200 ustiuuai,
1695 3135 1795 3190 cadem

85 3224 164 3336 :tt
177 3207 427 3350 ”illibitffipi
455 3150 915 3352 ,trtilPtllttttdffittttt
967 3150 1797 3335 ttiltttbttlittletts't⁰t⁵tit.”ltttt.⁸l

85 3352 149 3408 Non
161 3322 306 3407 iaborarit
318 3354 416 3406 tamea
430 3319 657 3406 Cassianus’aliis
668 3348 811 3404 erronbas
825 3348 874 3420 qui
884 3347 912 3403 in
966 3349 1060 3405 titata.
1087 3322 1144 3406 Nec
1172 3351 1201 3405 id
1217 3350 1385 3421 Prosperum
1408 3347 1502 3413 latuit,
1529 3348 1577 3420 qui
1598 3320 1683 3404 e’tlaia
1695 3346 1795 3403 Hilarii

86 3422 151 3478 aliis
160 3420 290 3494 quadem
311 3420 431 3477 turturis
445 3421 537 3476 notati
551 3423 628 3476 sunt.
650 3419 830 3492 usquamne
848 3418 914 3476 diso
966 3420 1144 3477 Arelatensis
1153 3420 1294 3492 querelas,
1308 3424 1339 3476 nt
1348 3436 1436 3492 supra
1446 3419 1581 3487 ridimns,
1597 3435 1631 3475 ac
1642 3418 1731 3474 etiam
1745 3418 1796 3475 Ge·

86 3492 246 3567 Augustino
258 3491 367 3549 occulte
381 3491 593 3564 obloqueretur,
606 3495 637 3547 ut
649 3490 771 3562 Prosper
783 3489 841 3547 late
855 3505 913 3546 me·
967 3491 1120 3547 anensium
1135 3492 1222 3548 dubia
1233 3508 1291 3548 noa
1307 3490 1397 3547 tacuit
1408 3506 1458 3559 ;ex
1469 3505 1526 3562 quo
1536 3493 1615 3562 patet
1628 3487 1795 3544 luemillam

86 3568 184 3620 morat
195 3564 282 3636 epist.
302 3564 340 3619 ad
365 3563 513 3633 Rufinum,
526 3566 624 3619 tamen
638 3578 701 3633 quai
713 3576 802 3632 supra
818 3561 914 3617 retuli·
965 3562 1182 3631 Massiliensem,
1196 3579 1312 3619 omnem
1323 3562 1405 3618 illum
1417 3564 1542 3617 tractum
1557 3577 1591 3617 ex
1603 3557 1794 3616 Gallicoram

86 3652 151 3692 aias
164 3637 300 3707 portenta
325 3632 535 3690 calumniarum
550 3633 586 3689 ds
607 3633 641 3690 D.
660 3632 828 3706 Augustino,
853 3648 912 3688 noa
966 3635 1136 3706 pervasisse,
1156 3650 1190 3697 ac
1202 3633 1334 3691 Genuam
1358 3633 1447 3689 etiam
1466 3630 1600 3689 etltaliee
1621 3630 1718 3687 fauces
1734 3634 1794 3686 tea·

86 3706 213 3772 conlisit,
230 3709 281 3763 aut
292 3704 499 3769 disseminavit,
520 3708 552 3761 ut
576 3702 767 3759 indicantilla
781 3704 912 3759 e'nsdem
967 3709 1053 3760 tasse.

84 3776 218 3849 Prosperi
240 3776 288 3832 lib.
316 3780 416 3832 contra
431 3775 534 3833 Collat.
550 3792 575 3832 c.
589 3776 606 3829 2
622 3791 629 3830 ε
645 3774 697 3844 Ne,
713 3773 749 3828 ad
769 3790 784 3830 o
847 3789 914 3828 rau·
1002 3774 1032 3830 Si
1047 3780 1145 3830 tamen
1167 3773 1349 3831 Massiliensis
1370 3773 1431 3830 lues
1450 3771 1638 3840 dicendaest,
1662 3786 1727 3844 qun
1739 3769 1795 3843 pri·

84 3849 147 3905 dasii
164 3848 307 3904 scientioris
331 3847 479 3913 doctorum,
494 3846 682 3918 eacoeapitare
699 3845 914 3915 οἰοιοιιιιιιοιιω
965 3860 1047 3901 mum
1060 3842 1794 3916 inAtricaridetnrexorta,nonniodoquoadrixas

85 3921 187 3991 osipus
200 3918 469 3990 ipriobs'teetprocac
488 3920 643 3988 ineptorum
730 3916 802 3972 citas
816 3916 913 3973 istem·
966 3916 999 3972 te
1021 3916 1159 3971 motione
1178 3916 1326 3972 secundarii
1337 3916 1516 3987 propositum,
1541 3914 1644 3987 quibus
1658 3913 1793 3970 sedendis

84 3997 217 4064 marites
230 3989 448 4060 epsudituoius
459 3986 676 4071 putarimumde
698 3986 823 4051 sitiones,
873 4002 913 4040 essi
967 3987 995 4042 S.
1013 3988 1130 4058 August.
1158 3986 1263 4042 librum
1289 3987 1324 4041 de
1346 3986 1473 4056 Corrept.
1501 3988 1531 4040 et
1554 3984 1651 4041 Gratia
1671 3983 1794 4039 scribere

85 4061 261 4118 sesdsbium
276 4066 314 4115 cst
329 4057 824 4116 illisoriirisbusisssarictorusistsdio
857 4056 913 4112 cri·
966 4056 1085 4113 adactus
1100 4060 1153 4122 est,
1167 4058 1272 4138 atejus
1284 4055 1350 4110 libri
1368 4055 1449 4110 initio
1462 4058 1490 4110 et
1505 4053 1588 4124 epist.
1604 4053 1638 4107 i'l
1650 4053 1743 4118 docet,
1759 4068 1793 4107 ac

83 4138 234 4207 piverum
243 4137 385 4204 prestare,
396 4130 552 4200 reseremus.
565 4129 623 4184 Hoc
632 4131 676 4182 cst
686 4127 823 4194 Cassiani,
847 4142 912 4182 uem
965 4127 1055 4184 etiam
1064 4128 1184 4198 Prosper
1194 4126 1276 4182 initio
1289 4125 1371 4197 epist.
1382 4125 1420 4180 ad
1431 4122 1633 4196 Augustinnm,
1645 4121 1791 4178 sedetiam

84 4220 184 4261 rursus
199 4202 286 4274 paulo
309 4205 374 4274 post
387 4204 573 4258 iocatoirusii
597 4198 774 4255 sacerdotalis
794 4143 912 4263 mainis,
965 4199 1059 4324 3οοοι1
1078 4202 1195 4255 enatam
1217 4213 1251 4254 ex
1273 4213 1307 4253 eo
1331 4195 1407 4252 circa
1431 4192 1583 4266 specialem
1611 4191 1792 4250 vocationem

86 4277 132 4348 mi
144 4273 310 4347 disputandi
319 4289 380 4332 ura.
391 4272 466 4328 inter
479 4288 521 4328 eos
530 4269 685 4343 οοίὺοιοιιιιι
694 4270 766 4340 degit
778 4269 913 4333 Μαίη
985 4268 1084 4325 insidia
1104 4269 1240 4341 placitam
1259 4267 1337 4324 Semi
1358 4266 1522 4338 elagianum
1537 4265 1572 4321 de
1587 4262 1681 4336 prima
1734 4262 1793 4320 atia

86 4352 125 4411 et,
141 4351 174 4403 nt
187 4345 279 4409 rides,
293 4343 394 4399 liberat
407 4360 473 4400 euni
488 4348 558 4399 nota
579 4339 762 4467 procacitatis
776 4339 805 4395 in
819 4341 913 4411 Augu·
966 4341 1103 4397 humanas
1118 4339 1292 4396 iarocatioai
1305 4284 1467 4411 sussjancta.
1483 4340 1587 4408 Aperte
1599 4335 1676 4391 enim
1714 4378 1720 4390 .
1737 4338 1794 4393 An·

87 4418 194 4474 abnam
208 4433 215 4483 ;
230 4418 427 4486 moxquetoto
450 4430 536 4486 opere
548 4428 578 4467 rc
592 4411 654 4468 ellit
665 4414 778 4468 tantum
791 4410 820 4466 ia
840 4410 912 4466 Cas·
965 4412 1072 4485 gnatia.
1087 4415 1155 4467 ante
1178 4410 1289 4467 delatos
1312 4426 1329 4466 a
1343 4409 1481 4480 Prospero
1504 4414 1532 4463 et
1559 4405 1668 4463 Hilario
1683 4404 1792 4464 Gallos.

87 4490 307 4545 rianoerrorem
322 4486 356 4541 de
371 4485 469 4541 diriaa
482 4501 534 4557 per
546 4482 695 4539 bominem
706 4481 911 4553 praeventione,
930 4482 1049 4556 papist.
1063 4481 1115 4538 lt'l
1130 4486 1158 4539 et
1178 4481 1227 4538 lib.
1255 4498 1273 4536 ii
1296 4484 1396 4537 contra
1412 4481 1484 4536 duas
1507 4478 1589 4551 epist.
1603 4495 1666 4549 cap.
1681 4479 1711 4545 8,
1727 4494 1794 4534 coa·

88 4557 326 4615 uutisomnibns
338 4556 498 4628 atiissupra
511 4553 689 4617 memoratis,
700 4553 802 4626 quibus
813 4568 912 4625 graia
966 4554 1036 4610 trito
1045 4553 1110 4627 jam
1121 4552 1169 4610 Pel
1208 4554 1246 4617 lo,
1260 4551 1349 4608 refert
1362 4552 1509 4617 subustos,
1532 4549 1580 4622 qul
1605 4565 1733 4606 errorem
1758 4551 1794 4606 da

88 4636 148 4687 tuin
162 4630 200 4685 ab
209 4628 352 4700 aliquibus
362 4645 396 4684 ca
411 4632 496 4684 atate
509 4626 661 4698 etregione
672 4626 705 4681 D.
721 4624 913 4697 Augustinum
968 4624 1062 4697 prima
1073 4623 1167 4697 gratia
1208 4636 1317 4680 amano
1337 4622 1429 4679 labori
1442 4638 1565 4694 expensa
1579 4626 1738 4687 tuerentur,
1753 4620 1795 4676 di·

92 4700 296 4774 prsamisimas.
967 4695 1063 4752 missis
1080 4694 1195 4767 reliquis
1207 4694 1311 4768 Pelagii
1334 4694 1486 4756 amoribus,
1502 4692 1550 4765 qui
1566 4697 1609 4749 est
1621 4691 1794 4764 Pelagianis·

119 4774 165 4857 tt.
180 4771 326 4854 Habemus
343 4768 505 4842 igiturquia
517 4783 582 4824 rere
595 4767 680 4851 tuerit
700 4784 781 4825 error
865 4766 914 4849 Se·
967 4784 1032 4850 mus
1046 4766 1094 4823 ille
1104 4766 1220 4849 dilutus,
1233 4782 1318 4851 quem
1343 4781 1407 4848 sero
1420 4764 1598 4836 sapientibus
1612 4762 1689 4845 Afris
1700 4761 1796 4818 Massi·

88 4842 914 4982 bittittltbtilttitttttuttttriciti
967 4832 1795 4985 tttittlitt?tt?llittittttitltrtdli

89 4986 127 5042 ris
150 5001 184 5042 ac
212 5000 350 5057 quorsum
373 4981 677 5054 semipelagianismus
702 4979 824 5037 dicatur.
840 4979 914 5045 Quia
967 4980 1100 5052 quemvis
1116 4982 1149 5036 Ι).
1165 4979 1314 5051 Augustini
1332 4995 1349 5032 a
1367 4977 1506 5047 Prospero
1520 4980 1548 5057 et
1574 4973 1680 5058 Hilario
1694 4971 1794 5026 admo-

90 5056 164 5114 eaim
178 5059 335 5112 arenosas
347 5053 451 5111 erroris
465 5051 602 5124 propositi
616 5066 673 5106 noa
688 5049 914 5106 omniaoadbre·
968 5052 1032 5116 niti,
1045 5051 1149 5106 divinis
1161 5051 1246 5122 plane
1260 5048 1339 5105 libris
1361 5049 1396 5103 de
1410 5045 1663 5102 Prodestinstione
1676 5042 1794 5096 Sancto·

90 5130 190 5184 rebant
198 5124 324 5199 Pelagio,
335 5125 386 5181 sed
401 5127 658 5195 expartetantum,
669 5120 914 5193 nempenegando
968 5138 1033 5178 ram
1046 5126 1076 5177 et
1095 5123 1176 5176 ttono
1189 5118 1411 5176 Perseverantisa
1425 5119 1508 5200 (quos
1533 5116 1566 5195 ll.
1581 5110 1731 5197 Augustini
1746 5127 1794 5195 οη

92 5199 214 5269 primum
225 5195 441 5270 J'nstidcationis
455 5194 570 5250 initium
585 5209 647 5250 esse
662 5208 695 5249 ex
706 5190 911 5263 disiaagratia,
967 5208 1057 5265 gneas
1073 5206 1157 5246 socer
1171 5194 1200 5247 et
1213 5192 1417 5246 testamentum
1427 5201 1492 5261 jure
1506 5200 1569 5256 quis
1582 5184 1696 5250 dixerit)
1706 5183 1795 5238 sideri

91 5285 172 5341 qaam
183 5267 292 5341 alioqui
305 5267 507 5339 agnoscebant,
520 5262 776 5334 idcircoSemipela
796 5261 855 5317 iani
867 5278 915 5333 ap
968 5265 1063 5335 posset
1077 5276 1156 5317 error
1169 5261 1216 5316 ille
1231 5259 1316 5332 plane
1330 5258 1479 5324 contritas,
1494 5270 1608 5311 necesse
1627 5258 1725 5309 umen
1747 5270 1797 5326 po·

93 5340 241 5411 pellantur.
260 5339 293 5394 Et
307 5338 401 5410 aptius
416 5340 586 5393 vocarentur
600 5333 728 5405 reliqniis
747 5280 914 5405 edanens-
968 5338 1030 5390 stea
1061 5331 1147 5388 inerit
1174 5330 1360 5388 Coetestianm
1379 5330 1542 5410 itomanam
1571 5324 1796 5410 pontificemssab

93 5426 162 5476 ram,
175 5425 234 5483 qua
246 5409 333 5466 etiam
343 5407 455 5465 ratione
466 5408 611 5463 interdum
625 5404 831 5471 nominantur;
847 5403 915 5475 quia
968 5404 1071 5460 iisdem
1094 5402 1235 5527 Prospero
1255 5405 1284 5483 et
1306 5399 1413 5456 tlitario
1425 5396 1650 5481 interpellatam,
1664 5411 1743 5479 graii
1754 5411 1797 5480 iii·

93 5497 253 5540 reseranon
267 5480 507 5551 amplexabantur
518 5475 784 5533 dimidiumerroris
796 5474 914 5547 Pelagii,
969 5472 1143 5545 crepatioae,
1184 5475 1317 5544 ugustino
1332 5472 1499 5542 superstites
1513 5485 1543 5524 in
1556 5467 1679 5524 Gallieni
1703 5467 1797 5524 Semi·

95 5556 137 5610 sed
160 5553 188 5607 iii
202 5568 261 5608 iinn
273 5551 423 5607 dumtaxat
442 5555 557 5621 puncto,
573 5552 635 5604 tam
650 5546 747 5603 multis
768 5545 798 5601 iii
813 5545 915 5618 quibas
969 5542 1169 5620 pelagianismi
1191 5536 1377 5616 professores,
1394 5544 1423 5597 et
1436 5539 1621 5596 conniventes
1635 5539 1673 5595 ad
1696 5555 1797 5596 eornm

95 5623 218 5707 Pelagius
241 5627 379 5695 praterea
403 5624 549 5678 erraverat
573 5618 698 5692 rejectis,
720 5633 786 5674 cuin
802 5632 835 5673 eo
849 5633 917 5672 con·
970 5632 1108 5683 errorem,
1135 5614 1179 5671 sel
1201 5612 1288 5670 etiam
1313 5613 1339 5671 ei
1362 5612 1532 5685 stipulantes
1553 5610 1700 5695 episcopos
1719 5626 1799 5667 coer-

96 5696 379 5760 anticameram
399 5697 482 5765 porte
501 5690 626 5763 superbae
650 5688 857 5762 aasentias
874 5687 916 5757 (id
969 5704 1044 5754 cere,
1060 5683 1565 5759 nonmagnoquoadhunoerrorem
1585 5686 1676 5755 pretio
1691 5697 1797 5754 operas.

97 5771 131 5824 est
142 5764 316 5839 Pelagianos)
329 5764 435 5821 ceteris
453 5762 588 5818 abdicatis
606 5767 722 5832 retenta,
742 5763 775 5816 at
791 5758 918 5844 loquitur
970 5761 1045 5816 Nam
1066 5775 1117 5831 per
1131 5773 1223 5815 annos
1237 5756 1354 5830 insuper
1367 5770 1425 5813 non
1435 5771 1541 5828 pancos
1563 5752 1591 5810 in
1605 5769 1639 5810 eo
1652 5757 1744 5809 tractu
1758 5750 1798 5806 ri·

97 5836 209 5912 Prospm
222 5834 306 5910 epist.
321 5835 359 5892 ad
384 5832 606 5894 Demetriadem.
623 5832 698 5901 inn
719 5830 807 5892 suan
824 5846 855 5890 in
867 5830 917 5888 illo
972 5831 1044 5906 gnit,
1059 5832 1136 5905 quod
1151 5827 1225 5889 Galli
1236 5829 1269 5888 D.
1282 5826 1433 5903 Augustini
1443 5823 1613 5891 annuntiis
1623 5840 1685 5882 noa
1699 5823 1800 5881 adino·
