4009 6192
92 244 151 304 681
391 246 428 307 IN
449 247 480 309 S.
502 248 742 317 tumultuent
762 252 1044 318 Pnomoounne.
1059 289 1098 302 -—
1112 259 1285 323 amenum
1305 262 1508 323 PRAEFATIO.
1738 270 1798 332 682

98 369 1797 431 ———-=———.-——

400 517 827 671 SANCTUS
882 528 1496 684 ‘vehementis

622 770 951 866 CEMELIENSIS
982 776 1265 871 EPISGOPUS.

493 1035 543 1154 t.
594 943 1394 1167 sluuofflssplsiotu

573 1219 617 1269 un
637 1219 844 1274 umnmscuu
864 1224 1077 1279 cuanmmau
1095 1229 1315 1281 eumenium.

581 1333 640 1403 DE
662 1336 753 1407 HAG
777 1338 812 1407 S.
839 1340 1090 1412 VALERIANI
1108 1329 1328 1414 ΕΒΙΤΙΟΝΕ.

811 1489 1077 1505 m

250 1577 514 1642 Eurusumssrun
534 1581 685 1645 Damnst

125 1680 211 1756 Quod
223 1701 260 1744 ne
272 1686 479 1783 sapiassocere
493 1686 613 1749 andum
623 1691 719 1770 pudor
731 1698 763 1783 et·
776 1699 936 1756 renuentia
949 1695 1114 1775 prandent,
1131 1716 1206 1758 nunc
1226 1709 1259 1759 nt
1279 1697 1475 1763 Eminentiam
1499 1703 1590 1765 Tuam
1611 1706 1718 1770 titteris
1741 1729 1791 1790 ap

81 1761 310 1903 vm’azgm
320 1772 476 1860 eneiratco,
493 1777 577 1864 atque
593 1770 701 1869 cedern,
730 1791 763 1832 nt
774 1772 877 1865 [allar,
893 1779 926 1835 in
939 1780 1031 1872 ipsam
1050 1775 1230 1868 ehemama
1246 1780 1408 1857 persuadet.
1433 1779 1614 1845 Existimant
1626 1794 1712 1860 enirn,
1724 1808 1792 1879 cnm

264 1862 385 1934 episcope
408 1845 519 1925 sanam
543 1867 575 1907 nn
594 1848 750 1911 duutmen
775 1859 881 1913 iterum
909 1871 1008 1915 wcars
1029 1860 1177 1932 auderem,
1204 1876 1262 1917 non
1286 1877 1417 1919 mearum
1438 1867 1550 1922 tantm
1568 1881 1628 1925 csse
1648 1874 1790 1945 panion,

82 1929 244 2018 inceptam
258 1926 334 2017 alens
352 1942 414 2011 epus
426 1944 542 2017 canuam
556 1947 613 1988 non
637 1928 772 2005 teserem
791 1932 842 1992 sed
865 1930 967 1995 Sancti
995 1952 1109 2016 quaque
1123 1933 1223 2015 Officii
1243 1954 1277 1996 aa
1299 1935 1425 1999 Romani
1450 1947 1577 2002 nominis
1599 1946 1791 2019 interessent

80 2007 247 2094 prestantem
260 2002 295 2062 de
309 2002 360 2095 elta
368 2006 519 2081 pudicitiae
531 2026 616 2067 saum
627 2015 848 2092 sententiamque
861 2031 919 2073 nan
940 2019 1060 2076 contat.
1087 2012 1251 2076 hienninissc
1269 2023 1362 2077 autem
1375 2022 1479 2098 opinor
1499 2019 1543 2084 Ε.
1569 2020 1616 2094 tt,
1643 2042 1693 2085 neo
1712 2031 1790 2085 enirn

83 2099 229 2222 imi-⁸
235 2088 342 2222 tpptasist,
355 2085 603 2227 tametffinii‘rtie
611 2090 799 2230 macinas,
816 2098 962 2231 cumputo
974 2111 1130 2233 ennagonus
1150 2092 1349 2157 domitianum
1364 2104 1488 2193 marana
1510 2117 1659 2162 mauram
1669 2102 1790 2199 'dehtu

80 2241 169 2301 atiud
182 2181 263 2338 negti
269 2181 472 2340 mann
482 2187 630 2313 ωπευίἷεασ.
647 2177 736 2329 quanint
747 2170 872 2311 mg
884 2178 1027 2311 tuma
1035 2173 1790 2343 ,cdgmmmqtp‘a'tanfflmnwizfflfftenbn‘xi

80 2327 277 2415 ασσυςαξιοηω
291 2324 556 2418 muniatisfieret,
577 2324 631 2389 iao
643 2335 694 2403 est,
712 2328 749 2390 de
770 2329 877 2395 Sancti
901 2349 1086 2409 pronomine
1101 2331 1176 2412 quod
1189 2333 1395 2412 imputabatur,
1416 2345 1443 2395 et
1457 2336 1492 2395 dc
1506 2338 1790 2420 Semipetopianhmi

77 2418 256 2495 nespmone,
269 2419 355 2482 capue
367 2402 601 2494 enscmulabatar.
614 2405 760 2470 Proestttit
784 2419 938 2490 utrumqne
962 2410 1008 2471 Lu
1026 2410 1101 2473 duni
1125 2430 1216 2492 nuper
1244 2411 1321 2474 edito
1347 2414 1389 2476 ad
1416 2413 1566 2478 Valeriani
1584 2427 1788 2499 pnrpationcns

79 2478 181 2540 labello
193 2479 231 2541 P.
247 2479 425 2559 Theophilus
439 2482 631 2563 Raynondus.
647 2484 801 2549 societatis
822 2496 928 2549 nostroe
941 2430 1097 2569 tiuhan,
1118 2496 1226 2570 copiose
1250 2493 1321 2554 adca
1336 2505 1363 2553 et
1377 2502 1523 2561 acerete,
1548 2504 1580 2557 ut
1591 2501 1735 2578 praeolorc
1748 2503 1788 2563 ad

77 2578 200 2651 eausam
213 2571 310 2620 mium
320 2566 427 2652 mene,
440 2562 516 2641 quod
526 2582 641 2642 operam
654 2564 706 2627 lac
721 2568 753 2628 in
767 2587 799 2627 re
810 2588 915 2644 ineam,
930 2587 949 2627 a
966 2588 1025 2649 qua
1039 2575 1201 2648 exspectari
1215 2570 1272 2631 tate
1294 2571 1372 2632 nihii
1391 2582 1516 2653 paueat
1534 2582 1632 2638 studio
1651 2598 1702 2639 sua
1713 2580 1787 2640 diii-

77 2646 237 2720 pcntsaqae
245 2646 434 2719 prement.
454 2640 541 2711 Quod
553 2648 582 2702 si
594 2643 671 2705 nitet
691 2651 764 2706 noui
773 2654 873 2725 posteo
893 2646 1040 2726 prolatum
1062 2655 1113 2723 est,
1136 2649 1213 2730 quod
1238 2658 1422 2711 savatorem
1447 2661 1613 2715 numiam
1639 2676 1671 2716 re
1691 2665 1783 2725 uirat.

77 2736 138 2778 non
150 2718 310 2798 indipnnm
324 2720 429 2799 opinor
442 2719 590 2799 st'nputart
604 2721 645 2785 Ε.
665 2722 697 2784 Τ.
713 2730 823 2804 pietate
853 2730 942 2801 uenit,
961 2728 1129 2806 proaedere,
1152 2734 1184 2788 at
1206 2728 1353 2789 inmotum
1376 2739 1490 2791 maneat
1509 2731 1612 2793 Sancti
1632 2736 1669 2816 os
1708 2736 1726 2797 'i
1739 2737 1785 2797 de-

76 2804 200 2871 coctum,
214 2805 301 2879 atque
314 2803 438 2859 innonio
450 2807 477 2859 et
489 2799 559 2860 otili
573 2800 652 2863 alias
664 2801 811 2883 Scriptori
837 2824 903 2865 ama
919 2806 1033 2886 intepoa
1048 2814 1237 2868 contuedun.
1258 2806 1295 2867 In
1308 2827 1362 2888 quo
1374 2809 1490 2888 quidem
1502 2830 1533 2870 eo
1557 2818 1665 2887 ninus,
1679 2832 1717 2875 ne
1731 2820 1785 2875 inn-

73 2887 223 2957 portunes
235 2879 338 2939 uidear
351 2884 531 2957 intercessor,
546 2881 701 2943 numiam
718 2883 838 2965 confido,
863 2885 938 2965 quod
955 2897 1060 2965 prater
1079 2905 1225 2948 manuue
1246 2893 1395 2948 doctorum
1417 2889 1611 2968 suffrapium,
1631 2896 1685 2972 pai
1704 2891 1781 2955 Vate-

75 2963 202 3018 rianuns
210 2956 345 3019 iactam
356 2976 422 3019 cuin
435 2963 635 3040 apprwatione
660 2964 772 3042 hpunt,
788 2970 883 3044 ipsun
893 2971 981 3025 etiarn
994 2964 1033 3027 Ε.
1058 2964 1103 3038 tt,
1120 2969 1170 3046 qni
1179 2967 1297 3044 plaeere
1309 2972 1370 3027 nisi
1393 2977 1471 3029 recta
1494 2987 1551 3029 non
1569 2978 1673 3048 solent,
1700 2971 1782 3035 itlius

74 3044 170 3118 pentes
183 3036 348 3119 aliquando
361 3047 500 3120 otsapore
512 3039 677 3102 amnem
689 3043 834 3122 inteltipa.
850 3043 992 3106 Parisitc‘s
1005 3063 1057 3107 xus
1071 3044 1199 3123 tapeti
1210 3065 1248 3107 u.
1271 3065 1322 3108 nc.
1338 3064 1454 3109 xxxur.

460 3171 509 3233 Aa
519 3172 576 3233 dno
589 3179 692 3253 capito
703 3195 768 3257 qun
779 3174 958 3253 objiciantur
970 3182 1051 3237 circa
1065 3174 1214 3237 Homitios
1225 3177 1409 3240 Venenum

114 3302 142 3366 1.
157 3302 268 3366 Unum
282 3306 333 3364 eat
347 3302 387 3364 de
400 3300 506 3364 Sancti
518 3305 647 3365 nomina
663 3306 750 3383 quod
766 3313 883 3385 negant
896 3306 970 3367 hnic
985 3308 1106 3368 auctori
1133 3308 1312 3368 convenire.
1342 3312 1472 3370 constat
1496 3317 1601 3373 aulem
1625 3312 1657 3373 id
1685 3332 1704 3375 a
1727 3333 1779 3377 me

74 3383 256 3463 proiectum
272 3400 431 3456 narasse,
469 3383 522 3444 uia
535 3384 643 3446 multis
656 3394 729 3446 ante
742 3387 846 3458 annis,
869 3402 942 3447 oum
955 3386 1058 3476 prime
1079 3389 1150 3463 ejus
1172 3387 1303 3448 homilia
1325 3388 1364 3448 de
1383 3386 1454 3448 oona
1468 3388 1639 3470 disciplina,
1654 3396 1778 3456 caeteris

72 3463 222 3525 nandum
238 3461 382 3540 repertis,
399 3464 431 3522 in
446 3400 619 3528 Sarmenta
642 3465 802 3537 ederetur,
826 3465 912 3526 idem
941 3465 1052 3526 titulus
1072 3466 1223 3544 praeilxus
1247 3474 1309 3540 esl,
1320 3466 1412 3544 juxta
1437 3472 1529 3528 vetus
1548 3472 1719 3548 exemplar,
1745 3481 1779 3536 ut

71 3548 281 3614 monuerunt,
295 3541 481 3603 monaeterii
496 3541 529 3604 S.
546 3542 636 3619 Galli,
651 3543 683 3604 in
699 3561 762 3622 quo
786 3543 950 3622 inscriptio
971 3550 1023 3605 eet
1037 3544 1221 3622 hujusmodi
1239 3564 1245 3605 :
1272 3543 1365 3607 Liber
1377 3544 1408 3609 S.
1431 3544 1585 3609 Valeriani
1598 3547 1778 3612 Censeliensis

71 3620 213 3704 episcopi
234 3620 329 3684 Unde
344 3638 415 3682 cum
440 3620 726 3684 animadverterem
748 3641 812 3684 nan
834 3631 952 3685 temere
972 3623 1013 3684 nb
1037 3624 1107 3684 aliis
1127 3626 1173 3685 sic
1188 3641 1260 3684 esse
1284 3626 1490 3715 appellatum,
1516 3646 1573 3688 nec
1588 3629 1664 3690 certi
1688 3631 1778 3708 quid·

72 3719 175 3782 quam
191 3699 343 3762 haberem
367 3700 400 3760 in
413 3700 619 3776 contrarium,
633 3719 696 3764 nnn
721 3702 898 3765 existimavi
922 3701 1041 3763 debere
1054 3720 1117 3775 me,
1134 3707 1189 3764 aut
1204 3720 1297 3781 posse
1312 3710 1471 3766 emanata
1492 3706 1577 3767 hunc
1589 3707 1635 3769 illi
1652 3710 1777 3774 titulum

71 3782 231 3843 adimere.

113 3861 234 3924 Utrum
245 3862 351 3920 autem
365 3856 537 3921 Valeriano
551 3858 703 3921 tributum
719 3859 796 3921 olim
810 3861 871 3922 hoo
893 3875 1011 3921 noman
1023 3858 1119 3920 tuerit
1139 3859 1181 3920 ab
1196 3861 1365 3951 peculiaris
1388 3863 1571 3940 opinionem
1586 3869 1775 3947 sanctitatis,

71 3959 113 4002 an
126 3946 265 4034 propter
284 3938 470 4016 dignitatem
499 3944 621 3999 tantum
637 3939 791 4020 episcopi,
818 3938 1090 4018 quemadmodum
1114 3938 1243 4000 dilllorle
1270 3940 1351 4001 toret
1375 3949 1526 4018 statuere,
1549 3961 1621 4005 num
1647 3947 1776 4009 Cimelee

70 4019 214 4083 evitetis
230 4024 302 4097 poet
316 4017 387 4098 aJ'us
402 4017 600 4080 eversionem
614 4018 665 4078 vix
678 4019 743 4080 nlla
756 4025 875 4080 restent
888 4018 1093 4088 monimenta,
1122 4018 1165 4078 ita
1186 4018 1326 4078 vicissim
1342 4020 1382 4078 nd
1397 4020 1458 4080 hon
1477 4021 1521 4080 illi
1540 4021 1773 4100 abrogandum,

70 4101 97 4160 ei
110 4102 189 4178 jure
203 4103 372 4176 competat,
389 4099 468 4158 satis
481 4115 544 4159 non
558 4103 647 4157 esset
660 4096 801 4175 suspicio
816 4115 889 4176 quia
905 4097 1090 4159 obtenditur
1103 4097 1257 4159 doctrinas
1271 4095 1433 4174 Semipele
1458 4099 1549 4160 'anm
1575 4118 1613 4160 eo
1626 4102 1775 4163 nimirum

68 4184 220 4257 tempora
242 4193 305 4254 quo
327 4174 679 4238 Eccleeiaeaualoritate
694 4177 847 4237 damnata
872 4177 1014 4237 nondum
1039 4184 1118 4249 erat,
1143 4193 1215 4237 num
1243 4175 1409 4237 videamus
1459 4179 1622 4240 assianum
1647 4187 1678 4240 et
1693 4181 1776 4243 Hila·

68 4259 157 4320 rium
171 4257 405 4329 Arelatensem,
422 4255 475 4334 qui
487 4256 569 4316 hanc
584 4273 650 4334 prin
664 4256 788 4318 caetaris
810 4254 1042 4334 profitebantur
1078 4261 1206 4316 sanatos
1231 4255 1447 4330 nihilominus,
1463 4258 1597 4319 alterum
1614 4278 1633 4319 a
1648 4260 1680 4321 S.
1692 4259 1776 4326 Gre-

68 4337 163 4416 gorio
177 4336 210 4397 in
226 4334 705 4413 epistolaitlibriv1,alterum
724 4335 757 4396 in
772 4335 1001 4415 Martyrolagio
1011 4334 1157 4396 Romana
1172 4335 1335 4414 appellari,
1353 4336 1386 4398 et
1400 4341 1570 4415 utrumque
1597 4340 1679 4418 apud
1698 4357 1775 4402 euos

67 4418 384 4479 usitatoaanctorum
399 4415 483 4475 cultu
498 4415 658 4476 honorari.

109 4494 372 4558 luitheressen
394 4493 547 4555 doctrina
569 4493 660 4557 istius
681 4493 935 4556 criminationem
963 4497 1098 4573 spectat,
1125 4512 1222 4572 quam
1244 4495 1356 4555 volunt
1377 4494 1409 4555 in
1439 4495 1599 4558 nonnullis
1623 4498 1774 4561 harumce

69 4574 285 4637 Humiliarum
306 4572 386 4635 lacis
409 4572 617 4652 deprehendi.
644 4573 767 4653 Inque
790 4572 920 4652 quidem
944 4578 1162 4652 praeterquam
1191 4575 1276 4653 quod
1309 4575 1413 4636 nullus
1438 4575 1566 4637 videtur
1592 4594 1665 4638 esse
1686 4580 1774 4642 locus

71 4653 246 4733 ejusmodi,
262 4670 356 4733 quam
376 4653 549 4714 defendere
567 4670 631 4715 nan
654 4653 759 4731 liceat,
775 4652 1004 4732 melioremque
1024 4652 1056 4713 in
1080 4670 1210 4714 sensum
1225 4654 1437 4732 interpretari,
1459 4661 1555 4735 prout
1576 4655 1608 4716 in
1631 4657 1774 4737 hocipsa

93 4751 191 4796 enere
204 4733 467 4813 chrysostomum
491 4737 523 4794 et
536 4732 617 4793 alios
640 4732 753 4797 Patres
767 4739 834 4795 tum
847 4732 979 4796 Graecos
1002 4737 1069 4794 tum
1091 4733 1222 4795 Latinos
1246 4735 1403 4811 explicare
1425 4752 1495 4796 mas
1510 4740 1569 4808 est,
1587 4739 1619 4797 et
1632 4738 1719 4814 quod
1732 4738 1772 4802 P.

70 4752 273 4893 Sheaphilua
286 4812 319 4874 in
329 4812 436 4874 libello
447 4828 543 4890 quem
557 4829 614 4889 pro
629 4813 786 4874 Valeriani
812 4813 996 4874 delensiane
1020 4811 1081 4875 seri
1105 4813 1158 4890 sit,
1174 4812 1215 4874 ab
1231 4813 1316 4874 omni
1346 4831 1420 4875 eum
1442 4814 1515 4875 labe
1539 4815 1676 4877 liberum
1702 4833 1773 4876 esse

69 4893 178 4967 docet,
193 4892 254 4954 hoa
264 4892 395 4973 insuper
406 4892 641 4953 observandum
658 4898 719 4967 est,
733 4891 806 4953 licet
816 4891 1066 4954 concederemus
1085 4830 1296 4956 Salerianum
1311 4910 1382 4954 cum
1409 4893 1479 4954 aliis
1497 4894 1686 4971 presulibus
1700 4893 1772 4955 Gal·

70 4971 185 5034 lisania
199 4971 254 5051 qni
266 4973 379 5034 endem
392 4972 511 5035 saeaulo
524 4970 701 5050 eademque
715 4972 748 5032 in
761 4971 924 5050 provincia
937 4971 1100 5045 vivebant,
1116 4972 1292 5033 doctrinam
1306 4971 1451 5032 eamdem
1466 4973 1648 5051 amplexum
1665 4972 1773 5047 inisse,

68 5068 132 5114 non
146 5051 290 5132 potuisse
302 5053 374 5115 illas
387 5060 493 5112 lamen
508 5051 676 5112 haereticos
689 5051 750 5112 hoe
763 5051 891 5112 nomine
906 5052 1027 5112 censeri
1043 5057 1116 5111 ante
1131 5051 1291 5129 synodum
1307 5050 1539 5111 Arausieanam
1560 5069 1594 5123 11,
1611 5067 1683 5127 quae
1699 5049 1772 5110 dac·

70 5131 189 5194 trinam
213 5130 300 5192 illam
321 5131 495 5203 damnavit,
518 5136 549 5190 et
574 5150 593 5190 a
621 5130 699 5191 aede
725 5131 899 5208 apostolica
926 5129 1114 5191 confirmata
1137 5138 1187 5189 est
1208 5129 1299 5189 annis
1322 5136 1394 5206 post
1415 5129 1614 5189 Valerianum
1636 5127 1773 5206 amplius

72 5227 148 5274 sexa
173 5210 248 5272 hta.

111 5229 344 5357 Degll'aleriano
356 5307 481 5365 rursus,
495 5293 532 5352 ut
545 5289 586 5349 de
599 5286 708 5349 Sancti
721 5288 847 5350 nomine
860 5305 898 5351 ac
911 5288 1005 5353 tilulo
1019 5286 1061 5347 sit
1074 5285 1302 5359 conuenersie,
1318 5282 1429 5364 negari
1443 5301 1507 5345 nan
1526 5288 1633 5365 potest
1646 5286 1775 5349 stetisse

107 5477 145 5551 (a)
159 5469 234 5538 Hac
246 5472 378 5549 epistula
391 5480 421 5534 et
431 5475 510 5549 quad
522 5474 615 5532 instar
624 5471 881 5535 disndatiunaula
892 5472 1052 5529 subnexam
1070 5471 1123 5535 est,
1138 5483 1173 5525 ax
1186 5467 1365 5541 autographa
1384 5467 1519 5525 Suruounr
1531 5467 1685 5541 desumpta
1697 5473 1775 5528 aunt

247 5591 368 5651 vunan.
386 5590 444 5649 hu.
939 5597 943 5603 '
1634 5587 1670 5645 tt
