4009 6192
175 234 230 321 lie
582 245 618 312 ln
640 238 840 314 narniensi
862 236 1128 312 cunreotouuu
1150 223 1433 312 monnoonunl.
1824 223 1885 312 iol

172 403 207 447 cc
221 387 322 459 popuii
341 381 512 458 mecentio
537 379 737 451 connectebat,
754 379 835 453 quon
847 376 1001 451 sinceriori
1016 377 1039 439 Α
1054 379 1606 454 geret,epissoposordinaret,eumqne
1617 379 1884 448 doctoremsnnna,

171 476 378 549 quonumjrire
393 473 496 530 ciuitas
511 481 530 529 n
549 471 674 548 muttire
688 467 873 542 cunarum,-
887 466 933 523 rnl
947 481 997 523 se·
1054 469 1180 538 patrem,
1194 467 1301 524 ducem
1317 468 1454 526 conversi
1466 468 1580 542 populi,
1591 469 1885 542 novoquoitcoiasiae

172 578 303 637 quaerar
316 562 443 620 allorum
458 560 662 629 assertionem,
676 558 731 640 qni
749 571 808 615 non
828 560 944 616 tantuna
960 554 999 611 aa
1053 556 1245 627 respicerent,
1261 572 1296 613 ac
1316 560 1549 616 venerarentur?
1566 557 1651 626 Quod
1672 571 1744 630 ergo
1771 563 1813 615 tot
1836 560 1884 615 in·

173 653 273 719 nrbes,
287 650 381 726 atritis
393 649 552 724 provinciae
564 647 664 721 caplis
673 645 839 720 respexisse
846 643 999 719 apostolos
1055 641 1191 714 signibus
1207 647 1331 719 Europes
1346 646 1563 721 metropolibus
1588 645 1729 704 dicuntur
1752 647 1885 720 apostoli

173 742 361 807 arbitrantur,
377 740 429 796 sed
444 740 534 796 etiam
549 737 588 795 ad
609 735 795 810 insigniores,
810 733 997 812 celebriores,
1055 731 1203 799 tribuisse,
1218 739 1251 791 ut
1265 749 1315 791 aas
1325 734 1436 794 scilicet
1464 735 1729 794 ecclesiasticarum
1758 735 1885 809 provin·

174 831 276 896 armis,
299 828 469 903 opibusque
496 825 688 900 potentiores,
716 825 783 910 situ,
807 822 998 889 commercio,
1055 819 1886 899 clarumoapitaconstituerent,quemadmodumlaolune

173 923 343 977 exterorum
355 917 510 974 nationum
523 913 690 988 trequentla
704 914 742 972 ad
755 911 999 994 propugnandam
1054 908 1182 980 legimus
1195 913 1440 986 perliispaniam,
1456 914 1591 981 Gelliam,
1603 913 1764 986 illyricum,
1774 915 1888 988 proba·

173 1007 265 1064 iidem
292 1006 441 1082 aptiores;
471 1006 516 1061 rel
533 1004 654 1062 tandem
670 1003 706 1060 iis
727 999 936 1059 adhaereamus
950 1001 999 1071 qui
1055 998 1201 1057 bilissime
1213 1002 1395 1059 censendum
1408 1007 1453 1061 est
1467 1002 1606 1060 tribuisse
1618 1002 1708 1059 eiiam
1722 1005 1884 1076 Ravennae,

173 1094 485 1154 stbnierebierarcbisa
513 1093 641 1151 lormnm
658 1107 719 1166 prae
735 1090 831 1149 oorrlis
858 1089 1001 1147 irebnlssa
1055 1087 1250 1146 nobilissimae
1284 1091 1374 1148 ltaliae
1395 1091 1561 1166 metropoli,
1594 1091 1681 1164 juxta
1705 1092 1887 1150 universalis

173 1177 999 1258 apostolosereduntlnssbnstlanastabilienda,scilicst,
1055 1176 1229 1236 hierarchiae
1243 1180 1430 1251 reguiam,et
1444 1182 1581 1255 inspecta
1605 1184 1694 1239 tantan
1721 1181 1804 1238 urbis
1835 1199 1888 1240 arr⁴

174 1278 205 1329 ui
217 1273 256 1329 ibi
270 1272 400 1329 minores
415 1272 574 1345 episcopos
586 1270 775 1338 collocarent,
796 1267 848 1325 nbi
863 1267 1002 1325 llnmines
1056 1267 1202 1326 solientis.

174 1357 425 1417 snosiduloiatria
440 1358 580 1424 babebat,
601 1358 652 1416 ubi
673 1373 743 1416 vero
766 1356 1001 1427 archiflamines,
1086 1373 1155 1440 μγ,
1169 1374 1333 1442 prmum,
1356 1375 1455 1442 gij„
1473 1384 1558 1438 0001„
1583 1374 1666 1428 pugg
1693 1376 1855 1445 ,limumque

173 1449 214 1506 ibi
229 1450 358 1522 maiores
370 1450 538 1523 episcopos,
551 1461 660 1522 nempe
675 1446 921 1522 metropolitanos
932 1457 1002 1501 con·
1397 1440 1546 1504 wilim-
1721 1439 1724 1450 “

174 1539 325 1595 stituerunt
339 1557 345 1598 ε
361 1537 543 1602 alterutram,
556 1531 692 1610 inquam,
708 1551 743 1593 ex
759 1535 840 1592 bisce
854 1532 1004 1607 opinioni·
1091 1536 1152 1593 iss.
1165 1536 1272 1611 Aliqua
1285 1553 1321 1594 ex
1333 1537 1369 1593 iis
1380 1551 1448 1611 qua
1459 1541 1563 1594 contra
1587 1538 1801 1612 Hieronymum
1826 1541 1889 1598 liu·

174 1628 228 1686 bus
243 1628 328 1704 seqrti
344 1626 481 1694 velimus,
494 1628 643 1683 Ravennae
657 1638 821 1697 congruere
834 1622 1003 1680 certissime
1057 1625 1147 1683 brom
1162 1625 1683 1702 eiusqusasseclaelacereridentnr‚
1696 1629 1891 1703 superiusra·

174 1716 360 1774 inveniemus
374 1716 554 1787 exigentiam
569 1714 667 1772 intuite
680 1713 925 1787 metropolitanas.
976 1734 983 1747 ·
1057 1713 1889 1792 tulimus,etiisrennatinmrerbisconfutavimus,qua·

209 1806 271 1861 ist.
285 1811 307 1862 a
319 1809 456 1862 itomann
466 1804 635 1877 reipublicae
646 1801 835 1877 temporibus
844 1800 1002 1876 Cisalpine
1056 1791 1185 1868 lincunt,
1201 1807 1229 1860 et
1242 1808 1448 1861 commentum
1476 1803 1653 1862 vicariatum
1676 1805 1776 1876 italiae,
1803 1811 1890 1865 duo·

173 1894 269 1952 Gallie
284 1893 454 1966 metropolis
472 1893 642 1951 habebatur
659 1895 813 1949 berenna.
838 1889 885 1948 lbi
913 1885 1003 1946 Galus
1057 1885 1890 1967 rumquemetropolitanorum‚alilsquibuscumquerele·

173 1985 283 2051 caesar,
299 1983 331 2040 ln
343 1983 476 2041 bibernis
490 1981 622 2040 exercitu
634 1980 807 2047 distributo,
819 1977 1001 2051 morabitur,
1058 1977 1130 2045 otiu
1144 1983 1173 2036 at
1185 1978 1277 2036 serbe
1289 1978 1421 2036 bomlllre
1431 1984 1478 2037 iiit
1493 1979 1552 2037 diri
1567 1980 1743 2055 chrysologi
1751 1982 1890 2055 primurn

173 2075 399 2145 moventesque
414 2071 596 2139 celebrabat,
606 2070 655 2154 jus
670 2069 772 2127 (licem
785 2068 875 2127 Gallis
889 2068 1005 2125 univer·
1059 2068 1279 2140 metropolitica
1291 2068 1504 2140 inuadiclionis
1514 2071 1686 2127 exercitium
1695 2072 1890 2131 sanctissimo

174 2160 226 2218 sis.
240 2160 285 2217 lbi
313 2165 473 2230 augustea,
498 2160 539 2217 ibi
554 2160 686 2216 liberius
702 2160 753 2214 iliu
774 2157 910 2213 habitare
933 2169 1005 2213 con-
1058 2153 1891 2232 bniaprresulieradversarioruminterpretationensse·

174 2252 342 2306 sueverant.
370 2249 403 2302 ln
419 2247 559 2304 nodcnm
578 2244 747 2319 prouincias
768 2259 837 2300 enm
853 2247 1004 2319 Angustus
1057 2243 1162 2299 rentia.
1178 2244 1285 2298 Verum
1298 2242 1357 2300 alia
1367 2248 1437 2300 eunt
1448 2257 1509 2301 non
1536 2246 1661 2304 minoris
1675 2248 1799 2307 toriane
1811 2265 1892 2324 pon·

174 2333 346 2390 rtnlversnm
362 2333 476 2389 italiam
504 2333 673 2404 partiretur,
689 2332 798 2388 berum
813 2333 919 2386 octava
940 2332 1004 2385 erat
1057 2328 1223 2401 narisque
1233 2330 1326 2387 liubai
1334 2330 1477 2403 placitum
1486 2334 1891 2397 videnturenersare.Prlmo

175 2415 1004 2492 Aimiliainblnasprovinciassubdivisa,quarunraltera
1057 2417 1138 2474 eninr
1151 2416 1190 2474 ad
1205 2416 1659 2495 illudeleraudumpeneomnae
1674 2428 1892 2500 conspirarunt

176 2508 355 2568 nilacentia
369 2507 596 2575 saliunculam,
613 2506 706 2564 altera
716 2521 735 2563 a
744 2504 880 2562 Bononia
893 2501 932 2562 ad
942 2504 1002 2562 Ari·
1057 2506 1296 2577 magninominis
1306 2512 1451 2579 auctores,
1459 2510 1699 2572 ineoclesiasticn
1709 2516 1891 2587 historiape·

176 2595 1005 2674 minumusqneprotendebaiurcuirinsqnetamencapnt
1056 2594 1199 2668 ritissimt,
1210 2597 1492 2670 eosqununirsrsns
1507 2598 1568 2659 lere
1583 2603 1891 2673 criticornmbistori·

176 2693 316 2748 berenna
328 2688 393 2755 luit,
407 2686 458 2745 ubi
470 2685 629 2766 provincia
641 2683 810 2759 praiormbi
820 2683 1002 2757 capitolium,
1057 2699 1171 2758 coram,
1180 2686 1545 2760 geomapbicorumcoetus
1554 2697 1599 2749 est
1611 2698 1730 2751 secutus
1744 2711 1826 2769 :que
1837 2709 1890 2754 res

176 2781 310 2846 senatus,
325 2777 467 2852 patricius
482 2775 557 2835 ordo
579 2774 757 2842 hebebatur,
773 2774 826 2848 qul
839 2773 911 2832 solis
925 2774 1004 2847 prin·
1057 2775 1375 2849 eornmopinionlrim
1385 2780 1668 2840 marimamaddere
1679 2785 1890 2844 solet.l3erero

175 2868 368 2943 cipaiioribus
380 2867 457 2925 inter
470 2865 652 2940 metropoles
676 2863 875 2922 tribuebatur.
890 2851 1005 2920 fliren-
1057 2869 1111 2932 est,
1125 2870 1228 2923 naum
1241 2866 1351 2924 seculo
1362 2872 1591 2943 tantumquloto
1604 2871 1725 2931 ineunte
1738 2877 1892 2933 Ravennae

173 2958 291 3016 natium
305 2969 376 3015 vero
389 2956 428 3013 iis
437 2953 622 3029 temporibus
634 2965 682 3010 res
694 2951 921 3010 florentissimas
935 2951 1004 3024 qnlp
1058 2954 1249 3028 metropolim
1262 2955 1363 3024 luisse,
1374 2959 1545 3015 anticanus
1556 2960 1730 3035 angelopte,
1744 2964 1892 3024 eutPetre

173 3046 315 3118 ignorati
336 3047 430 3128 ipius
444 3042 625 3101 commercio
640 3040 716 3099 situs
735 3041 827 3097 maris
840 3035 1001 3106 vicinitate,
1058 3043 1239 3117 chrysologo
1251 3059 1320 3101 eam
1337 3045 1498 3102 Ecclesiam
1517 3045 1714 3118 gnbernan'tc.
1732 3052 1764 3107 iii
1781 3060 1891 3113 autem

171 3132 388 3207 amplissimus,
402 3132 489 3210 isque
513 3130 678 3189 tubsnmns
694 3133 808 3206 portus,
825 3127 931 3186 classis
946 3127 1004 3185 lto·
1057 3134 1193 3189 auctores
1207 3132 1422 3206 scriptoresque
1433 3147 1540 3190 omnes
1554 3138 1661 3207 prater
1674 3136 1801 3212 positiva
1815 3155 1893 3216 qum

169 3221 377 3293 manasterio,
392 3215 867 3296 adimperlilittoradelsndenda
879 3221 1000 3291 paratas,
1018 3194 1040 3256 ⁰
1057 3219 1828 3304 moglomerarnntargumentasuperinsmcmorste,
1843 3229 1888 3287 al·

170 3310 399 3369 celeberrimum
412 3307 544 3384 denique
553 3307 635 3366 orbis
648 3307 820 3385 emporium
833 3305 940 3386 exiens
949 3319 1002 3365 na·
1056 3312 1148 3365 mum
1168 3307 1324 3365 nobilisnm
1331 3310 1484 3367 enimvero
1496 3315 1525 3368 ct
1534 3311 1737 3385 insuperabile
1745 3315 1889 3376 adunam

170 3401 303 3461 tionibus
313 3399 547 3475 trequentatnm,
562 3397 673 3455 divitiis
699 3393 788 3471 'atqua
814 3396 905 3454 armis
925 3409 1002 3471 prta·
1056 3401 1157 3456 nanas
1166 3397 1279 3469 jactare
1292 3407 1355 3454 non
1369 3396 1529 3467 desinent;
1540 3406 1568 3456 ei
1577 3400 1644 3471 jnre
1657 3389 1889 3494 quincuplum

173 3491 314 3552 omnibns
328 3495 434 3565 potens
448 3491 540 3563 atque
563 3486 710 3545 erneisus
727 3503 737 3556 ς
752 3487 794 3545 ita
822 3491 856 3545 nt
867 3485 1001 3544 secunda
1056 3485 1130 3544 anm
1140 3484 1485 3560 adeiceiantiqnorum
1496 3487 1698 3547 deficentium
1705 3503 1886 3550 monumen·

173 3587 242 3658 post
253 3581 422 3638 Romanam
434 3577 507 3634 urbs
522 3575 733 3651 appellaretur,
748 3581 821 3634 tunc
831 3587 901 3633 cunr
915 3572 1000 3648 ipol·
1055 3579 1155 3633 torem
1166 3574 1586 3648 exquibueunomeaiicmvel
1592 3578 1756 3636 altunmin
1766 3582 1887 3639 itaven·

173 3671 288 3736 bnans,
306 3668 382 3726 Petri
397 3663 572 3739 discipulus,
592 3666 692 3742 prima
718 3666 751 3724 in
772 3677 808 3724 ea
820 3666 891 3738 lecit
905 3665 1000 3723 bran·-
1055 3668 1124 3721 nate
1137 3663 1267 3722 Essiam
1284 3664 1430 3722 indicium
1448 3670 1571 3724 eruatur
1594 3668 1730 3725 exercitas
1752 3673 1888 3744 quatuor

173 3758 380 3833 galiisamina,
400 3761 490 3830 prout
515 3754 656 3814 ilartinus
681 3754 820 3830 l‘olonus,
849 3768 867 3810 a
895 3752 999 3811 liabeo
1054 3753 1191 3811 Mesia
1205 3751 1310 3826 primis
1323 3753 1438 3811 secutis
1458 3756 1680 3828 metropolitica
1700 3758 1885 3829 jurisdictio·

172 3849 289 3914 cneius,
316 3844 472 3903 conlassns
496 3844 604 3903 lueret.
618 3845 747 3901 liemnnr
772 3841 876 3900 sedem
901 3837 944 3899 ibi
964 3857 999 3900 ac
1054 3842 1111 3900 nis.
1126 3842 1313 3900 Porrosiauti
1328 3845 1513 3900 Ravennates
1531 3844 1700 3902 libertatem
1728 3846 1886 3907 undisant

171 3935 341 4013 pestilentia
353 3933 527 3993 camedrem
541 3933 682 3992 tenebant
690 3947 751 3990 non
764 3929 894 3989 minores
904 3927 1000 3988 flami·
1054 3929 1185 4005 proprie
1198 3929 1334 3987 &deno
1350 3930 1390 3988 ab
1415 3931 1489 4003 lngo
1513 3933 1791 4000 liediolanensinm,
1819 3952 1885 3995 ma·

171 4041 224 4086 nes
239 4032 292 4085 aut
305 4024 536 4097 archiflamines,
553 4023 606 4081 secl
625 4020 798 4097 pontificum
811 4019 1000 4098 ethnicorum
1053 4020 1134 4078 xime
1147 4019 1221 4092 quis
1231 4017 1332 4075 nullan
1341 4020 1467 4077 omnino
1479 4035 1536 4093 pro
1543 4020 1593 4078 iris
1602 4022 1713 4080 adduci
1723 4029 1819 4098 potest
1835 4026 1884 4084 rel

171 4115 340 4189 collegium,
363 4113 444 4191 qnod
466 4113 721 4190 praeminentiam
740 4110 835 4188 orbis,
850 4111 943 4171 veluti
957 4109 999 4169 al·
1054 4109 1291 4167 minimnseetua
1304 4107 1439 4182 ejusdem
1451 4110 1666 4179 jurisdictionis
1680 4113 1709 4168 in
1725 4115 1886 4172 Ravenna-

171 4205 261 4266 tsrins
275 4199 386 4272 liomas',
401 4201 606 4263 non'obscnre
620 4201 821 4260 demonstrat.
1054 4205 1114 4257 nne
1121 4198 1279 4256 &atesim
1289 4198 1755 4278 absolutus,nullnspiscopornm
1765 4202 1883 4263 ordina·

206 4297 267 4355 lit.
283 4294 373 4367 igliur
392 4293 416 4349 si
431 4293 582 4366 apostolos
608 4290 773 4365 nagismse
786 4289 818 4347 in
838 4289 922 4348 ltalia
937 4285 1000 4347 nnl-
1053 4287 1095 4346 iio
1112 4288 1161 4345 vei
1193 4289 1382 4362 approbatio,
1394 4288 1629 4367 nuilasynodus,
1645 4289 1773 4350 'visitabo
1789 4294 1882 4372 num,

170 4383 295 4443 versatis
310 4380 481 4456 hierarchia
493 4379 628 4451 regulam
644 4375 758 4454 nonest
771 4377 1001 4444 dicendumnni
1054 4375 1189 4450 epistola,
1205 4376 1368 4443 decretum,
1381 4392 1490 4448 canon,
1501 4377 1788 4454 scriptorisaiicujus
1803 4384 1885 4442 testi·

173 4469 397 4534 sallemsinulia
410 4467 486 4525 ratio
494 4467 624 4543 positiva
633 4465 796 4539 probabilis
805 4465 894 4523 nobis
903 4481 1001 4539 auper-
1055 4465 1191 4523 monium
1208 4464 1295 4538 :pari
1309 4466 1400 4535 igitur
1419 4465 1494 4537 iege,
1510 4466 1536 4523 sl
1550 4468 1667 4526 nubum
1683 4485 1721 4527 ex
1734 4469 1885 4549 similibus

173 4568 218 4642 est
241 4561 338 4621 taliter
363 4556 538 4648 arbitrandi,
565 4555 640 4650 quid
663 4554 899 4622 convenientius,
924 4551 1001 4701 ΞΜ
1017 4553 1041 4612 Ι)
1055 4553 1172 4614 actibus
1188 4559 1257 4611 ante
1271 4539 1467 4627 angeloptem
1482 4559 1534 4613 nui
1556 4557 1775 4635 chrysologum
1801 4573 1886 4636 pers·

173 4654 257 4724 rectae
279 4647 387 4708 raboni
402 4645 500 4718 magis
511 4660 691 4711 consonum,
708 4642 782 4718 quid
796 4641 923 4702 scelmia
951 4644 1001 4702 'ce
1055 4644 1143 4716 gisae,
1157 4641 1274 4699 nullm
1284 4656 1321 4700 sx
1332 4641 1480 4700 similibus
1493 4644 1670 4705 testimoniis
1686 4647 1827 4706 babuisse
1839 4650 1885 4706 in·

174 4737 334 4816 universati
353 4733 554 4808 discipionat
564 4729 790 4806 particularium
801 4731 1001 4814 {coenarum
1055 4732 1216 4791 veniuntur
1225 4733 1412 4789 Ravennates
1427 4733 1739 4808 episcopicilcenrlnm
1752 4739 1885 4813 prolecto

172 4823 665 4898 necessiteiicommodinsconiict,
681 4824 776 4881 immo
789 4823 882 4882 asseri
893 4827 999 4900 potest,
1056 4821 1112 4906 crit
1124 4821 1297 4895 opinionem
1319 4835 1388 4896 qna
1415 4822 1494 4881 bauo
1519 4824 1695 4894 dignitatem
1719 4841 1815 4902 usqne
1840 4811 1886 4886 'ab

172 4917 347 4996 huiusmodi
361 4914 477 4990 urbem,
493 4912 654 4988 provincio
671 4912 887 4971 florentissime
899 4917 1002 4971 mairo
1057 4911 1262 4986 apostolerum
1272 4915 1338 4969 arn
1352 4911 1467 4969 denval
1480 4912 1552 4969 nibil
1564 4911 1711 4972 firmitatis
1727 4911 1846 4976 babere.

173 5005 276 5085 polim,
287 4997 615 5067 ilaiioarnm'ciritatum
627 5000 1001 5080 potentissimam,etirnicn
1078 5003 1153 5060 'tau
1164 5003 1266 5058 reims
1278 5001 1340 5074 lpse
1352 5001 1554 5075 Gbrysobgns
1566 5004 1734 5061 nevernum
1745 5006 1883 5081 quidem,

173 5095 393 5174 superstitionis
406 5095 507 5167 capnt,
527 5105 581 5170 per
603 5103 697 5166 quam
717 5093 762 5147 iot
780 5088 955 5150 nationibus
968 5087 1001 5147 in
1055 5095 1099 5151 tat
1110 5089 1197 5170 aelith
1208 5090 1390 5149 mansuaria
1403 5085 1543 5158 homilis,
1562 5090 1600 5147 de
1614 5092 1672 5150 bac
1691 5093 1838 5176 dignitate
1852 5096 1885 5155 ln

173 5191 236 5244 ean
246 5179 466 5245 confluentibus
478 5177 823 5256 lidemcomnrnnicanrll
832 5177 1002 5256 sabasam·
1056 5180 1118 5238 snis
1132 5179 1370 5238 mbcemnbns
1383 5178 1532 5236 eminente
1542 5178 1621 5237 latos
1636 5185 1691 5248 est,
1706 5200 1804 5258 neque
1815 5201 1885 5244 cnm

172 5274 327 5348 piissimus
340 5266 1001 5368 aperiebatnr5huiusmodi,iaquam,nrbrm
1056 5269 1205 5343 deprimo
1216 5269 1434 5328 Rauennatium
1445 5268 1590 5352 episcopo
1598 5269 1764 5348 Apollinari
1776 5259 1885 5354 sermo·

173 5364 213 5423 ab
225 5362 368 5436 apostolis
380 5360 503 5419 eiectam
518 5355 674 5424 lnisss,ubi
686 5356 773 5414 sedes
786 5355 920 5431 episcopi
929 5365 1001 5436 oon·
1056 5353 1341 5436 nembaberst.lpsa
1352 5357 1772 5437 ignatiannooiccateroquin
1782 5363 1884 5422 saeculi

174 5443 816 5525 stituereturunirstclrcnmiaesntseurbss
829 5444 1002 5519 etpbpnlcs
1056 5435 1886 5536 rndisbisioriens,nasyllabamqnidemsuperisigonus

175 5537 369 5615 trangsilnni
381 5535 553 5599 inueniret
571 5537 611 5597 iio
622 5535 771 5595 abanet.
784 5533 937 5594 Milite
946 5531 1005 5594 erl·
1056 5535 1264 5610 megalium
1271 5534 1757 5613 minitamiicat'atnpliiesnda
1770 5538 1886 5603 baren
