4009 6192
176 222 251 282 toll
534 221 566 285 P.
588 219 736 298 BRAIDAE
757 216 993 293 utssantirto
1014 214 1051 281 ΙΝ
1072 221 1102 283 S.
1127 215 1303 284 utentia.
1317 252 1357 268 -
1369 221 1452 283 (ιιι).
1473 216 1549 282 viti.
1807 219 1877 285 init

171 366 207 423 ge
220 350 327 407 distare
342 349 539 418 videantur,si
563 351 689 407 maxime
705 357 827 423 ponatur
841 368 897 407 non
919 355 1000 408 eute-
1014 354 1037 414 Α
1053 357 1086 407 ιιι
1097 368 1147 423 pro
1170 350 1220 406 rire
1234 351 1355 408 serviret
1367 350 1508 419 opinioni,
1523 368 1582 421 qua
1600 350 1717 407 Niceam
1738 367 1790 408 sen
1805 352 1881 409 Nice·

171 423 283 494 grapho
298 423 347 478 ille
359 439 432 484 esse,
457 423 507 478 sed
523 423 617 493 potius
644 423 819 495 apographa,
836 428 867 480 ut
883 424 919 478 de
941 422 999 479 suis
1053 426 1123 488 tam,
1140 368 1320 479 iinmetienae
1335 422 1457 479 civitatis
1476 421 1651 493 episcopum,
1672 422 1781 479 hebere
1796 425 1883 479 voluit

170 494 363 549 l'torentinius
378 494 558 565 conjiciebat.
1053 511 1104 566 pro
1123 494 1208 550 Nicea
1218 510 1266 549 seu
1283 493 1389 561 Nicete,
1401 496 1534 566 episcopo
1545 493 1730 564 Aquileiensi.
1740 496 1824 560 Quod
1833 495 1882 567 igi·

206 565 311 621 Nicetis
327 564 416 619 nostri
431 564 568 619 sanctitas
584 562 691 633 itaque,
707 562 794 619 etiem
808 580 842 620 ex
857 563 999 620 lamenti·
1053 568 1099 620 tur
1112 570 1314 646 argumentum
1329 564 1489 621 sanctitatis
1505 580 1555 635 pro
1572 566 1668 620 niceta
1682 570 1783 620 nostro
1796 567 1880 637 Aqui·

169 651 226 706 que
236 634 325 707 ipsius
336 634 462 690 nominis
474 635 501 688 in
514 634 726 706 llertyrologiis
741 635 941 691 vetustioribus
953 652 998 691 ac·
1052 635 1151 691 leiensi
1165 651 1278 692 sumere
1291 652 1442 707 possumus
1454 651 1489 692 ex
1505 634 1727 708 Martyrelngiis,
1746 653 1811 707 qnae
1833 644 1881 693 ent

169 706 306 771 cessione,
322 706 427 762 elarius
442 707 576 761 elucescit
587 723 595 771 ;
608 705 649 760 ita
663 711 692 760 ut
704 721 761 761 non
774 704 920 762 immerito
930 723 997 762 con·
1052 706 1218 777 simpliciter
1231 706 1367 773 Nicetam,
1380 706 1555 778 episcopum.
1567 706 1766 771 euthicetam,
1777 708 1881 763 liema-

168 776 310 848 jieiemus,
323 778 458 832 eumdem
471 792 536 832 cum
557 776 718 832 sanctitatis
739 778 827 833 odore
842 779 918 849 apud
930 794 997 834 suos
1052 777 1135 832 tianae
1149 777 1272 833 civitatis
1287 777 1462 849 episcopum,
1484 778 1621 833 exhibent
1643 778 1681 833 ad
1695 779 1775 833 diem
1788 795 1809 834 x
1821 780 1879 834 liei.

166 854 196 904 ct
210 848 554 929 exterasquoqueexhee
568 847 627 903 vita
642 847 791 918 migrasse,
804 850 997 931 eumdemque
1050 847 1185 930 ¹⁰¹¹i7..
1263 917 1268 929 Ι
1302 918 1308 930 ‚
1344 918 1350 929 Ι
1630 918 1636 928 .

165 919 997 1070 titttt?,tttttttitttttttttttttttttitr
1050 917 1880 1070 ,titttttttntifittfttttttttttttttttt

163 1060 247 1116 rioris
256 1061 351 1117 aetatis
362 1061 515 1117 recolende
525 1066 600 1116 esset
610 1061 639 1116 in
650 1061 696 1116 die
705 1061 996 1133 anniversariadepo-
1049 1060 1173 1116 civitatis
1187 1062 1361 1133 episcopum,
1380 1060 1521 1131 explicere
1535 1058 1688 1116 voluerunt
1707 1078 1741 1117 ae
1757 1064 1780 1117 si
1793 1064 1879 1119 dixis·

164 1132 276 1187 sitionis
288 1132 374 1186 illius.
390 1131 466 1186 Nihil
481 1137 525 1186 est
539 1131 584 1187 hic
598 1133 674 1202 quod
685 1133 828 1187 addamus
839 1133 874 1186 de
894 1132 996 1203 appel·
1049 1136 1093 1186 set
1107 1131 1235 1188 Nicetam
1249 1131 1278 1186 iii
1292 1131 1389 1190 Dacia.
1403 1132 1570 1201 episcopum
1584 1131 1708 1187 civitatis
1718 1131 1806 1199 illius,
1818 1152 1879 1205 que

164 1203 320 1259 lationibus
337 1201 423 1267 beati,
438 1219 471 1256 ec
483 1202 585 1268 saneti,
597 1207 758 1274 sancteque
768 1202 918 1258 memoriis
930 1202 993 1263 riri,
1048 1217 1106 1257 non
1127 1204 1302 1258 Romuliana
1311 1202 1438 1273 quidem,
1448 1203 1498 1256 sed
1510 1201 1568 1258 alio
1582 1218 1640 1257 non
1655 1203 1815 1260 admodum
1824 1206 1879 1261 dis

164 1274 267 1345 quibus
284 1289 389 1328 nomen
404 1272 508 1328 hicela
523 1273 613 1327 nostri
627 1273 656 1327 in
667 1273 878 1344 Martyrologiis
889 1275 923 1328 de
933 1273 995 1344 qui·
1048 1271 1134 1327 simili
1151 1275 1237 1327 modo
1250 1290 1268 1328 a
1282 1271 1467 1343 scriptoribus
1482 1281 1509 1328 et
1523 1275 1720 1330 monumentis
1736 1279 1878 1332 veteribus

165 1345 218 1402 bus
246 1343 369 1411 diximus
387 1343 567 1400 honestetur.
584 1344 648 1414 lpse
670 1343 792 1399 nominis
817 1343 936 1414 alicujus
964 1344 993 1399 in
1048 1343 1877 1419 dictniuit‚utisuoloenvidimus;llartyrologiaquoque

163 1414 375 1486 Martyrolegiis
391 1415 528 1479 recensio,
542 1413 630 1470 etiam
644 1414 751 1485 absque
768 1412 826 1469 ullo
842 1431 891 1471 seu
907 1415 992 1480 beati,
1048 1416 1150 1470 eedem
1165 1415 1306 1470 Gennadii
1323 1416 1409 1468 verbe
1422 1414 1586 1478 referentia,
1600 1415 1702 1471 eedem
1712 1418 1878 1487 explicatio

163 1502 213 1541 seu
228 1486 330 1551 sancti,
351 1500 401 1539 seu
416 1488 523 1539 seuctae
540 1485 688 1541 memoriis
703 1484 857 1567 praeconio,
873 1484 943 1541 satis
958 1487 994 1541 de
1048 1500 1084 1540 ne
1099 1487 1206 1541 donare
1219 1487 1388 1552 debuerunt,
1412 1489 1497 1555 atque
1511 1486 1540 1539 in
1560 1488 1691 1541 eumdem
1707 1502 1827 1544 sensum
1839 1490 1877 1545 si·

163 1556 240 1612 illius
255 1557 307 1611 viri
323 1553 475 1611 sanctitate
490 1560 611 1611 testetur
627 1571 634 1612 z
655 1561 683 1611 et
704 1561 744 1611 ita
758 1572 870 1627 quoque
883 1555 993 1612 Nicetes
1047 1554 1106 1609 mul
1119 1556 1285 1627 pertrahere
1301 1555 1506 1626 Martyrologia
1519 1557 1684 1625 vetustiora,
1694 1559 1877 1630 quaesimpli·

162 1634 261 1683 noster
271 1627 299 1682 in
308 1626 404 1682 allatis
414 1627 443 1682 in
456 1625 711 1699 irontehujuslibri
722 1627 992 1697 martyrologiorum
1046 1626 1116 1681 citer
1131 1627 1254 1698 Nicetm;
1282 1626 1417 1698 episcopi,
1432 1629 1470 1681 ed
1484 1628 1615 1682 eamdem
1641 1628 1687 1684 die
1701 1645 1721 1684 x
1735 1630 1795 1685 lisl.
1810 1631 1876 1686 iulii

161 1698 336 1754 testimoniis
351 1702 531 1768 nuncupatus
546 1698 717 1768 quandoque
732 1701 852 1768 apparet
866 1713 872 1764 ;
886 1698 994 1753 scilicet
1011 1720 1031 1779 B
1046 1696 1252 1755 meminerunt.
1272 1699 1374 1752 Verum
1390 1697 1457 1767 quid
1471 1698 1537 1752 novi
1551 1700 1579 1752 in
1595 1697 1648 1754 hec
1657 1700 1693 1754 de
1707 1701 1876 1772 Martyrnle·

161 1769 192 1824 in
204 1769 407 1841 Martyrolegio
422 1767 585 1824 Gellonensi
598 1785 615 1823 e
630 1768 769 1824 llecherin
791 1769 879 1837 edito,
896 1772 925 1825 et
940 1768 993 1824 cir·
1046 1768 1102 1837 giis
1116 1768 1376 1832 animadversione,
1402 1769 1478 1839 quod
1502 1775 1647 1825 mereatur
1660 1772 1783 1841 expendi
1797 1773 1812 1828 i
1825 1775 1876 1839 Qui

161 1857 196 1896 ce
211 1856 320 1896 annum
335 1840 388 1895 tot
402 1839 573 1910 conscripto,
588 1844 619 1894 ut
631 1839 707 1894 idem
723 1838 752 1893 iu
766 1839 876 1895 monito
891 1856 992 1910 prece·
1047 1839 1226 1895 Gennadium
1238 1840 1475 1910 superiuscnntre
1486 1839 1602 1895 eosdem
1614 1840 1690 1895 viros
1701 1841 1878 1899 clarissimos

162 1913 242 1968 denti
255 1910 467 1975 animadvertit,
487 1910 532 1965 ubi
547 1910 714 1991 simpliciter
729 1910 804 1966 Nicea
817 1910 941 1982 episcopi
955 1911 992 1966 ad
1048 1909 1261 1980 explicavimus,
1276 1910 1419 1966 dicentem
1433 1912 1561 1966 Nicetam
1573 1912 1739 1983 episcopum
1753 1914 1877 1971 civitatis

160 1983 253 2039 xlsal.
269 1982 336 2037 lulii
351 1982 459 2038 mentio
478 1987 532 2046 est,
562 1979 731 2054 lluJusmodi
747 1980 830 2037 hodie
848 1980 992 2053 praeconia
1049 1981 1879 2054 Romatienae3221Martyrologiaquoquesimiliterba-

161 2054 325 2111 communis
348 2062 415 2109 sunt
430 2069 497 2109 usus
511 2054 542 2133 in
556 2052 759 2124 Martyrologio
775 2054 907 2133 Romano
934 2069 990 2178 quo
1047 2050 1265 2118 bentia,eodem
1276 2048 1596 2132 sermoue'interpretati
1611 2070 1721 2119 sumus,
1734 2061 1768 2110 ut
1779 2057 1878 2113 bicar-

162 2126 272 2181 utimur
281 2140 289 2192 ;
299 2126 350 2180 sed
363 2124 471 2180 nonita
481 2121 551 2178 olim
565 2126 641 2195 apud
655 2139 755 2179 omues
767 2139 888 2179 omnino
896 2124 948 2179 Ere
961 2140 991 2179 e·
1048 2126 1109 2177 tum
1124 2139 1218 2195 egere,
1235 2122 1386 2195 Martyrolo
1407 2138 1500 2177 iorum
1513 2138 1610 2188 cause,
1626 2139 1744 2181 neeesse
1759 2128 1877 2184 nonsit.

162 2197 235 2252 sias:
252 2195 423 2277 quinimmo,
434 2195 512 2265 quod
522 2194 559 2248 ed
575 2193 650 2249 beati
664 2197 708 2250 vel
720 2194 812 2249 sancti
824 2210 991 2265 prenomen
1047 2193 1157 2249 Caetera
1171 2209 1238 2250 vcro
1250 2210 1315 2276 quae
1339 2195 1375 2249 ad
1398 2197 1485 2249 untur
1500 2210 1587 2250 merie
1607 2201 1673 2250 sunt
1691 2199 1879 2255 con'ectatio·

162 2266 348 2339 potissimum
361 2269 480 2336 spectet,
496 2264 648 2323 admonuit
662 2264 845 2320 doctissimus
857 2263 993 2320 virinen-
1048 2279 1109 2330 nes,
1126 2281 1191 2346 quai
1205 2263 1463 2338 conjectationibus
1477 2264 1540 2320 aliis
1552 2269 1648 2337 etque,
1664 2265 1694 2321 iii
1714 2266 1727 2322 i
1757 2270 1814 2335 lor,
1828 2287 1878 2325 va·

163 2354 213 2394 nes
228 2336 355 2407 Baptista
372 2334 508 2391 sollerius
523 2336 551 2389 in
568 2335 680 2390 erudite
705 2351 758 2390 sua
773 2334 942 2406 praelatione
955 2335 992 2391 ad
1048 2334 1207 2401 lidioribus,
1226 2335 1308 2391 tuelle
1321 2335 1476 2390 eliduntur.

164 2405 399 2479 martyrologium
425 2405 556 2471 Usuardi,
572 2405 692 2460 ardente
706 2407 732 2471 t,
762 2421 825 2477 qua
841 2410 933 2462 exstat
948 2410 993 2461 tn·
1082 2409 1122 2462 de
1136 2409 1230 2478 prime
1245 2425 1251 2461 ;
1266 2404 1388 2461 vidimus
1411 2407 1511 2463 deesse
1526 2405 1629 2463 Nicetes
1643 2410 1826 2465 mentionem
1840 2412 1878 2467 ad

164 2495 213 2535 mo
230 2479 274 2544 Vl,
287 2482 370 2549 perte
384 2475 475 2532 ilunii
484 2476 676 2543 bollandiani,
689 2478 766 2547 quod
780 2482 888 2548 quanto
899 2477 993 2532 rarius
1047 2477 1150 2533 diemx
1164 2478 1222 2533 lial.
1235 2477 1301 2532 tulii
1315 2479 1343 2532 in
1357 2477 1549 2533 vetustissimo
1566 2477 1793 2552 Hieronymiano
1805 2483 1877 2538 ller-

166 2550 254 2622 220
270 2551 361 2605 sancti
377 2550 421 2605 vel
446 2548 522 2604 beati
547 2562 716 2619 praenomen
731 2548 895 2630 apponitur,
911 2552 993 2604 tanto
1047 2548 1199 2620 tyrologio,
1215 2565 1267 2604 nec
1282 2564 1339 2603 non
1355 2553 1384 2604 et
1394 2548 1495 2603 inaliis
1506 2565 1571 2621 ques
1585 2549 1706 2607 subinde
1718 2555 1877 2623 generatim

164 2619 270 2695 majori
282 2624 420 2676 vetustate
431 2622 572 2690 prestant
586 2619 859 2690 martyrologiorum
869 2621 991 2675 codices.
1047 2619 1198 2676 citavimus
1223 2635 1258 2675 ex
1272 2623 1351 2674 tomo
1372 2620 1406 2675 llt
1422 2620 1558 2675 Thesauri
1582 2621 1648 2676 nori
1662 2624 1878 2681 anecdotorum

164 2689 660 2754 Fatendumnihilominuserbitror‚
672 2688 993 2762 preconiehujnsmoei
1048 2690 1177 2748 llsrtenii
1191 2694 1220 2745 et
1234 2689 1360 2745 Durandi
1377 2707 1385 2745 ι
1401 2689 1503 2760 quibus
1518 2706 1594 2746 nune
1619 2692 1746 2765 adJicere
1761 2710 1878 2766 oeqnum

165 2765 255 2822 etiam
270 2764 300 2820 in
314 2762 440 2835 antiquis
457 2760 666 2844 Martyrologiis
680 2760 810 2817 adhibita
824 2763 861 2817 ad
881 2768 993 2817 saneto·
1047 2766 1101 2826 est,
1117 2766 1146 2817 et
1161 2761 1246 2817 Bedae
1260 2760 1494 2832 Martyrologium
1509 2764 1666 2833 genuinum
1684 2780 1751 2819 cum
1766 2766 1879 2822 addita·

165 2853 231 2893 rum
245 2838 439 2908 quorumdam
454 2849 585 2899 nomina,
598 2832 995 2904 quamdamprobebiliterin·
1048 2832 1154 2888 mentis
1169 2831 1243 2887 Flori
1270 2832 1384 2887 diaconi
1412 2831 1546 2888 distincto
1574 2834 1736 2890 charectere
1755 2839 1877 2903 excusis,

166 2910 264 2964 dicere
278 2907 448 2963 eorumdem
473 2903 625 2959 neminum
641 2905 783 2976 majorem
798 2903 995 2971 celebritatem
1049 2905 1125 2975 apud
1140 2903 1293 2976 Agiologos
1307 2902 1510 2958 bollandianos
1526 2911 1604 2959 tomo
1618 2906 1749 2961 llMartii
1763 2923 1771 2974 ;
1785 2913 1816 2964 et
1826 2910 1879 2965 ιιι·

165 2995 200 3034 ac
214 2977 435 3049 perspectionem
460 2976 628 3031 eorumdem
657 2975 818 3031 sanctitatis
848 2973 992 3040 notitiam,
1049 2974 1116 3031 bani
1132 2973 1377 3055 Martyrologium,
1393 2974 1646 3044 quodhebeturin
1661 2978 1808 3035 Thesauro
1822 2981 1880 3036 lte-

166 3048 314 3121 quebisce
324 3045 769 3118 appellationumadjectionibus
779 3045 994 3117 quodammodo
1009 3087 1033 3147 G
1050 3045 1416 3112 numentorum‚siveinter
1432 3046 1879 3118 LectionesantiqussCanisiiex

166 3118 401 3189 distinguebatur.
413 3115 639 3172 Caeteruminter
651 3116 815 3189 hujusmodi
828 3118 995 3188 appellatio·
1050 3115 1175 3172 editione
1192 3121 1282 3171 tlesne
1304 3115 1334 3181 ii,
1358 3120 1438 3171 tomo
1467 3116 1500 3184 ll,
1517 3122 1597 3189 perte
1611 3134 1640 3182 ii,
1661 3135 1727 3191 pag.
1758 3122 1881 3189 stt;et

167 3205 219 3245 nes
234 3187 310 3244 beati
331 3186 480 3253 acsaneti,
504 3186 577 3241 sicut
600 3186 689 3241 etiam
713 3192 819 3243 sanctae
834 3188 993 3252 memoriis,
1051 3187 1253 3244 Wandalberti
1295 3185 1503 3259 artyrologium
1518 3189 1678 3254 metricum,
1694 3193 1881 3261 quodexstat

168 3275 227 3317 non
241 3263 285 3315 est
312 3274 362 3315 cnr
380 3258 410 3314 in
436 3256 578 3312 veteribus
604 3257 815 3330 Martyrologiis
840 3259 994 3314 dichonem
1049 3259 1079 3314 in
1094 3257 1245 3329 Spicilcgio
1270 3257 1409 3321 bacharii.
1427 3263 1507 3314 torno
1534 3260 1672 3341 Vprimai
1687 3262 1834 3333 editionis,
1852 3271 1880 3321 et

167 3330 349 3404 requiramus
374 3346 408 3385 ex
431 3327 540 3400 vigenti
553 3343 630 3383 nunc
649 3345 666 3382 e
681 3327 808 3398 pluribus
822 3328 934 3385 saeculis
946 3331 995 3385 Ee·
1050 3329 1165 3395 tomoll,
1197 3346 1241 3400 eg.
1251 3329 1283 3384 40
1291 3328 1424 3385 editionis
1432 3331 1561 3386 secunde
1571 3332 1683 3387 infolio
1693 3349 1701 3398 ;
1713 3349 1767 3389 uec
1779 3352 1839 3391 non
1852 3343 1881 3391 et

168 3402 327 3461 elesiastiee
349 3399 513 3473 disciplina,
528 3415 586 3471 qua
609 3397 683 3454 beati
702 3398 853 3455 interiores
872 3400 997 3470 gradus
1051 3346 1285 3477 Martyrefogium
1297 3401 1549 3457 Romennmvetus
1563 3402 1880 3478 lleribertiilosvveydi,

169 3474 276 3533 sanetis
290 3472 486 3555 censenturin
496 3473 584 3553 cultu.
598 3470 687 3550 ljoces
696 3469 773 3525 enim
788 3470 997 3553 beotiacsanti
1050 3470 1229 3554 quodviderr
1248 3475 1342 3543 potest
1355 3471 1384 3527 in
1402 3470 1497 3554 fronte
1510 3473 1616 3554 adonis
1630 3475 1773 3531 [loininici
1786 3477 1879 3535 Geor·

169 3543 997 3695 attttttitttttttttttilittttittittttlt:
1050 3540 1882 3695 tta?tttttitlttttttttttttttnititdtttar

171 3691 224 3745 bus
235 3688 361 3757 ascripti,
378 3694 409 3742 ut
422 3685 532 3743 erudite
548 3700 609 3741 rem
631 3683 797 3757 hujusmodi
816 3684 998 3740 illustrarunt
1051 3686 1154 3740 beetur
1168 3686 1244 3755 apud
1258 3686 1392 3740 eumdem
1409 3688 1561 3757 Georgium
1575 3686 1681 3743 ibidem
1695 3690 1724 3744 in
1740 3690 1880 3764 tineope·

172 3758 350 3816 Fontaninus
364 3758 394 3812 in
408 3756 610 3812 dissertatione
627 3755 663 3810 de
675 3758 780 3812 Sancte
798 3756 878 3812 Petro
895 3754 996 3812 Urseo·
1050 3756 1099 3811 ris.
1115 3757 1143 3810 ln
1155 3754 1307 3811 bisantem
1322 3757 1518 3829 Martyrologis
1530 3757 1672 3827 omnibus,
1683 3759 1712 3815 in
1725 3763 1830 3834 quibus
1841 3764 1882 3818 ad

171 3832 211 3900 lo,
226 3830 320 3901 eapite
333 3829 378 3895 25,
399 3826 558 3883 Mazochius
573 3827 608 3881 de
622 3831 787 3881 sauctorum
802 3826 997 3898 Neapolitanas
1052 3826 1128 3882 diem
1142 3843 1161 3882 x
1175 3826 1235 3881 liel.
1260 3825 1325 3882 Julii
1345 3828 1426 3883 deest
1447 3828 1549 3884 Nicetes
1573 3845 1678 3885 nomen
1690 3848 1698 3896 ;
1711 3831 1743 3886 iii
1761 3832 1818 3900 bis,
1838 3834 1882 3889 in-

172 3902 303 3960 aeclesis
317 3899 516 3982 episcoporum
530 3896 622 3963 Cultu,
638 3902 717 3968 parte
731 3914 761 3962 ιι,
775 3896 866 3968 ιιριιι
878 3898 906 3963 5,
916 3914 995 3953 num.
1052 3912 1150 3968 quam,
1164 3896 1308 3962 omnibus,
1323 3902 1373 3953 aut
1388 3899 1448 3954 tere
1467 3899 1600 3956 omnibus
1615 3901 1765 3972 (quoniam
1777 3920 1882 3961 eornm

172 3975 199 4041 ι,
215 3977 403 4031 annotatione
416 3971 463 4035 30,
479 3984 600 4026 necnon
614 3967 823 4025 etiseeedietes
840 3985 914 4040 pape
931 3970 997 4035 lllV,
1052 3985 1141 4025 unum
1157 3979 1206 4025 aut
1217 3969 1350 4033 alterum,
1367 3968 1605 4027 bibliothecarum
1619 3978 1816 4043 quarumdam
1832 3994 1883 4032 ne·

172 4046 202 4103 in
218 4045 353 4117 praeclaro
367 4057 453 4114 opere
468 4042 504 4097 de
517 4056 665 4096 servorum
680 4040 728 4096 liei
743 4038 958 4097 Beatitleatione
971 4044 1000 4097 et
1051 4045 1178 4096 strerum
1193 4038 1365 4112 nuperrimis
1376 4039 1483 4096 vicibus
1497 4041 1526 4097 id
1539 4043 1711 4109 vetantibus,
1719 4045 1825 4103 iterato
1840 4050 1885 4104 in-

172 4121 323 4175 beatorum
335 4112 565 4176 Canonizatione,
581 4111 695 4183 aliique.
1052 4111 1161 4193 spicere
1174 4127 1231 4166 non
1245 4110 1335 4181 licuit)
1350 4111 1458 4167 mentio
1477 4115 1580 4169 eadem
1602 4114 1648 4171 die
1671 4116 1797 4175 hebetur
1812 4120 1883 4175 Pau·

208 4179 997 4247 Animadversionemtemenhicdissimularenonlieet,
1053 4182 1104 4239 lini
1118 4181 1239 4248 Nolani;
1256 4180 1296 4238 ita
1312 4186 1343 4237 ut
1354 4183 1461 4255 absque
1480 4187 1584 4240 erroris
1603 4186 1727 4257 periente
1751 4206 1883 4246 asserere

95 4264 106 4281 ⁸
173 4276 237 4333 quie
250 4259 310 4315 tieri
325 4254 510 4313 seleteviris
525 4253 690 4309 clarissimis
707 4269 778 4324 pene
792 4252 937 4324 omnibus,
949 4257 997 4336 qui
1053 4253 1205 4325 possimus,
1221 4252 1320 4309 omnia
1331 4253 1448 4324 quidem
1463 4254 1664 4329 Martyrologia
1676 4275 1738 4330 quie
1751 4262 1790 4316 ad
1803 4262 1882 4317 diem

174 4329 287 4388 heronii
302 4328 468 4400 opinionem
478 4330 681 4398 oppugnarunt
693 4341 779 4396 super
792 4325 999 4380 bocllomatia·
1051 4341 1071 4380 x
1083 4325 1142 4380 liel.
1157 4323 1224 4380 tetii
1244 4324 1351 4380 hebent
1364 4325 1503 4393 Nicetam,
1520 4328 1626 4384 hebere
1640 4345 1753 4401 qnoque
1769 4338 1800 4388 et
1813 4335 1883 4389 Pau·

173 4418 219 4458 nse
232 4400 355 4456 civitatis
369 4398 501 4470 episcopo
516 4397 638 4453 Nicetes
653 4396 800 4452 Gennadio
815 4400 976 4451 memorato
989 4412 997 4464 ;
1051 4394 1141 4452 linum
1154 4396 1295 4451 Nolanum
1308 4411 1315 4463 ;
1328 4412 1385 4451 nnn
1395 4395 1580 4466 oinnievero,
1591 4400 1681 4455 immo
1694 4402 1766 4458 bene
1776 4405 1882 4471 multa,

172 4474 229 4528 reti
240 4471 386 4534 nimirum,
395 4466 676 4537 nouaquttetcnsem
686 4470 879 4533 nostrum,sed
888 4468 997 4523 liscum
1013 4452 1036 4511 Ῑ)
1051 4483 1114 4539 quie
1130 4466 1237 4523 habent
1258 4466 1408 4523 Paulinum
1427 4468 1579 4536 Nolanum,
1603 4487 1661 4527 non
1680 4472 1788 4530 hebere
1801 4476 1886 4532 Nice·

172 4541 255 4600 illum
266 4539 561 4608 t'uisse,eumdemque
572 4537 805 4610 proptereaqnia
815 4545 914 4594 saneto
924 4539 997 4594 Pau·
1051 4543 1111 4593 tarn
1128 4555 1134 4594 :
1150 4554 1253 4610 exque
1267 4537 1351 4594 iecile
1364 4538 1543 4613 conjicimus,
1558 4542 1665 4599 Nicetes
1679 4559 1800 4612 nomen,
1815 4547 1884 4603 ticet

172 4614 232 4671 lino
242 4612 353 4669 Nolano
367 4608 549 4665 totlaudibus
558 4610 726 4665 celebratur.
738 4613 767 4663 ln
778 4606 995 4683 Martyrnlogiis,
1052 4608 1210 4680 antiquitus
1236 4608 1376 4666 Insertum
1401 4611 1611 4684 ltsrtyrologiis
1633 4615 1719 4670 tuerit
1738 4624 1769 4672 ut
1791 4634 1884 4691 snpra

170 4684 314 4757 inquiunt,
335 4682 373 4739 od
394 4680 471 4736 diem
490 4695 517 4746 ii,
535 4679 593 4735 lial.
612 4679 690 4744 tulii,
714 4695 771 4734 uon
788 4679 889 4736 dicate
912 4681 998 4752 Aqui·
1051 4680 1286 4753 conjectavimus,
1309 4681 1404 4736 locum
1427 4681 1615 4740 nibilominus
1633 4685 1776 4755 habuisse,
1795 4691 1883 4746 unius

169 4754 402 4816 leiensismeutio
418 4758 471 4817 est,
482 4752 532 4809 sed
548 4750 652 4808 lt'ieetoe
668 4750 697 4805 in
712 4750 799 4807 Dacia
812 4748 935 4822 episcopi
948 4768 954 4807 :
968 4757 997 4808 et
1052 4752 1154 4808 saltem
1166 4750 1258 4807 aetatis
1271 4751 1376 4823 spatio,
1391 4751 1543 4809 autetiam
1558 4754 1669 4828 integro
1683 4760 1803 4825 saeculo,
1814 4767 1884 4833 post

169 4830 210 4887 ite
225 4827 392 4900 accipienda
403 4820 679 4894 suntllertyrolngia
690 4819 996 4893 vetustiore,quiesim·
1052 4822 1201 4878 Paulinum
1220 4820 1373 4880 Nolanum.
1384 4825 1454 4880 Cum
1469 4830 1566 4882 autem
1576 4828 1663 4883 cooevi
1675 4827 1783 4887 fuerint
1793 4840 1884 4904 atqua

169 4902 281 5030 ,qest
298 4892 997 5026 lttttttttt,sistatittttitttttt
1051 4892 1883 5032 stitttttttttttt“itttuhltttnttt’

167 4987 367 5108 {animm
374 4984 606 5096 Romatie’ngnsis
617 5034 740 5163 episcopi
751 5035 866 5118 titulum
879 5034 996 5093 eddide-
1050 4984 1195 5119 sagetimti
1209 5036 1404 5093 testimonium
1417 4985 1541 5110 piebem
1556 5040 1629 5097 alter
1645 5041 1707 5098 sine
1727 4991 1833 5117 sillero,
1848 4992 1885 5102 ‘ii

166 5121 244 5174 runt.
254 5114 439 5171 Adeemdem
448 5110 523 5166 ιιιιιιι
539 5112 569 5164 in
583 5111 653 5164 liert
673 5125 705 5163 ro
718 5123 790 5178 ogns
805 5109 913 5165 mentio
925 5125 994 5180 que-
1049 5108 1204 5164 verisimile
1218 5108 1301 5163 valde
1321 5108 1441 5173 videtur,
1458 5109 1487 5165 in
1502 5111 1626 5168 licelesia
1640 5120 1726 5169 notus
1740 5133 1806 5174 esse
1821 5135 1882 5175 eon

166 5206 221 5262 que
236 5192 279 5244 est
292 5183 405 5241 Paulini
416 5181 516 5240 heleni
528 5197 537 5236 ι
551 5179 595 5236 cui
608 5126 722 5235 ediiitus
731 5180 992 5261 proptereemerito
1050 5184 1169 5250 poteret,
1186 5178 1306 5250 ideoque
1318 5183 1392 5236 atter
1405 5179 1466 5237 sine
1477 5182 1567 5238 altero
1582 5183 1795 5260 llartyrolngiis
1808 5188 1883 5246 inte·

165 5259 275 5317 censeri
284 5260 379 5331 potest
389 5252 703 5315 etieinNicetesllecus,
715 5267 783 5321 quia
797 5260 882 5307 amno
898 5248 992 5307 riven-
1047 5251 1153 5306 rendus
1165 5266 1223 5305 uon
1239 5254 1302 5306 erat
1319 5257 1392 5307 :aut
1403 5253 1425 5308 si
1439 5254 1512 5309 alter
1535 5255 1657 5311 alterum
1672 5261 1835 5328 precedere
1850 5263 1881 5318 in

165 5336 207 5386 tes
221 5331 337 5386 inerant
349 5325 476 5383 amicitia
494 5321 731 5388 eou‘unetissiini,
748 5326 775 5377 et
790 5322 858 5394 quie
871 5322 991 5380 fortasse
1047 5321 1101 5377 hac
1116 5321 1610 5393 honorissignificationedebuisset.
1622 5327 1736 5385 Nicetes
1747 5333 1881 5401 prolecto

164 5401 225 5457 ates
241 5398 352 5465 natalis,
364 5415 413 5453 seu
428 5396 533 5458 obitus,
546 5341 633 5466 iiujus
647 5392 751 5449 Nicetis
769 5393 834 5449 tleci
849 5398 991 5465 martyro·
1046 5393 1138 5448 Dacus
1152 5391 1200 5464 qui
1216 5399 1291 5474 aute¹
1301 5394 1452 5450 Paulinum
1467 5395 1547 5460 obiit,
1560 5396 1601 5452 uti
1612 5401 1705 5471 capite
1717 5402 1735 5455 3
1749 5403 1881 5460 ostendi-

163 5472 236 5542 logis
249 5476 412 5539 compertus
427 5483 485 5522 non
500 5469 573 5522 erat.
592 5466 658 5537 lpse
669 5480 794 5535 namque
809 5464 912 5521 Niceten
933 5465 990 5521 De·
1046 5480 1121 5528 mus,
1131 5468 1198 5520 ante
1213 5464 1366 5520 Paulinum
1377 5463 1494 5522 inscribi
1504 5469 1643 5526 debuerat
1654 5473 1879 5548 Martyrotogiis,

162 5556 262 5598 eorum
275 5538 399 5610 episcopi
410 5537 526 5601 mentio,
543 5552 608 5608 quae
623 5536 710 5592 hodie
725 5535 753 5590 in
771 5538 900 5592 Rnineno
919 5536 990 5592 ller-
1045 5551 1095 5591 seu
1122 5534 1217 5607 potius
1242 5535 1440 5593 ecclesiasticis
1465 5538 1578 5606 tabulis,
1606 5542 1683 5597 unde
1703 5543 1779 5600 llart
1834 5548 1880 5603 le·

161 5609 303 5686 tyrolngio
318 5609 421 5678 legitur
435 5610 472 5665 ed
500 5605 577 5663 diem
594 5607 610 5663 'l
630 5603 770 5673 ianuarii,
793 5612 837 5663 est
848 5603 990 5678 posterior
1043 5605 1090 5734 qia
1105 5623 1163 5663 nou
1185 5606 1276 5663 multo
1292 5612 1356 5679 post
1376 5607 1543 5681 Hieronymi
1565 5616 1695 5678 etatem,
1712 5620 1744 5671 nt
1789 5620 1879 5675 'ctum

162 5678 271 5740 additio
286 5695 304 5732 ι
325 5678 447 5733 Beronie
462 5694 514 5750 pro
529 5676 647 5734 arbitrie
661 5677 738 5733 taeta
753 5675 782 5735 iu
796 5676 989 5750 llartyrologii
1057 5678 1108 5744 uit,
1127 5682 1224 5735 ortum
1239 5677 1379 5747 habuere;
1395 5685 1481 5754 etque
1495 5680 1612 5741 inscribi
1631 5684 1735 5743 salum
1753 5689 1881 5749 debebat

159 5752 282 5815 ltouieni
299 5747 471 5825 recensione.
488 5746 623 5813 Gregorio
641 5746 691 5804 lillt
705 5764 820 5804 summe
834 5747 986 5820 pontifiee;
1043 5747 1153 5805 Paulini
1168 5748 1257 5822 ipsius
1269 5749 1428 5823 superstitis
1443 5768 1540 5827 opera,
1551 5753 1599 5827 qui
1615 5758 1675 5814 tam
1688 5757 1880 5821 etlususinil·
