<?xml version="1.0" encoding="UTF-8"?>
<!DOCTYPE html PUBLIC "-//W3C//DTD XHTML 1.0 Transitional//EN"
    "http://www.w3.org/TR/xhtml1/DTD/xhtml1-transitional.dtd">
<html xmlns="http://www.w3.org/1999/xhtml" xml:lang="en" lang="en">
 <head>
  <title>
</title>
<meta http-equiv="Content-Type" content="text/html;charset=utf-8" />
  <meta name='ocr-system' content='tesseract 3.04.00' />
  <meta name='ocr-capabilities' content='ocr_page ocr_carea ocr_par ocr_line ocrx_word'/>
</head>
<body>
  <div class='ocr_page' id='page_1' title='image "./patrologiaecurs123migngoog/patrologiaecurs123migngoog_0513.png"; bbox 0 0 4009 6192; ppageno 0'>
   <div class='ocr_carea' id='block_1_1' title="bbox 113 264 1827 340">
    <p class='ocr_par' dir='ltr' id='par_1_1' title="bbox 113 264 1827 340">
     <span class='ocr_line' id='line_1_1' title="bbox 113 264 1827 340; baseline 0.008 -14"><span class='ocrx_word' id='word_1_1' title='bbox 113 265 128 325; x_wconf 89' lang='lat' dir='ltr'><strong>l</strong></span> <span class='ocrx_word' id='word_1_2' title='bbox 135 267 196 327; x_wconf 77' lang='lat'><strong>01⁷</strong></span> <span class='ocrx_word' id='word_1_3' title='bbox 465 268 497 328; x_wconf 83' lang='lat' dir='ltr'><strong>P.</strong></span> <span class='ocrx_word' id='word_1_4' title='bbox 519 266 666 328; x_wconf 73' lang='lat' dir='ltr'><strong>natium</strong></span> <span class='ocrx_word' id='word_1_5' title='bbox 686 264 923 329; x_wconf 64' lang='lat' dir='ltr'><strong>passarario</strong></span> <span class='ocrx_word' id='word_1_6' title='bbox 941 264 979 325; x_wconf 84' lang='lat' dir='ltr'><strong>m</strong></span> <span class='ocrx_word' id='word_1_7' title='bbox 999 265 1031 326; x_wconf 87' lang='lat' dir='ltr'><strong>S.</strong></span> <span class='ocrx_word' id='word_1_8' title='bbox 1055 265 1229 333; x_wconf 74' lang='lat' dir='ltr'><strong>uicaria.</strong></span> <span class='ocrx_word' id='word_1_9' title='bbox 1247 302 1288 319; x_wconf 90' lang='lat'><strong>-·</strong></span> <span class='ocrx_word' id='word_1_10' title='bbox 1307 271 1391 335; x_wconf 77' lang='lat' dir='ltr'><strong>GAP.</strong></span> <span class='ocrx_word' id='word_1_11' title='bbox 1414 271 1476 332; x_wconf 84' lang='lat' dir='ltr'><strong>vii.</strong></span> <span class='ocrx_word' id='word_1_12' title='bbox 1748 280 1827 340; x_wconf 83' lang='lat' dir='ltr'><strong>tete</strong></span> 
     </span>
    </p>
   </div>
   <div class='ocr_carea' id='block_1_2' title="bbox 44 395 1881 4999">
    <p class='ocr_par' dir='ltr' id='par_1_2' title="bbox 44 395 1881 4999">
     <span class='ocr_line' id='line_1_2' title="bbox 112 395 1829 549; baseline 0.009 -27"><span class='ocrx_word' id='word_1_13' title='bbox 112 395 983 549; x_wconf 61' lang='lat' dir='ltr'><strong>atttttttttmtltfftttttitltbtalttt</strong></span> <span class='ocrx_word' id='word_1_14' title='bbox 999 396 1726 541; x_wconf 61' lang='lat' dir='ltr'><strong>ltt&#39;tttttmtmttttlltstlte.-</strong></span> <span class='ocrx_word' id='word_1_15' title='bbox 1759 428 1829 539; x_wconf 72' lang='lat' dir='ltr'><strong>olli</strong></span> 
     </span>
     <span class='ocr_line' id='line_1_3' title="bbox 112 537 1829 619; baseline 0.01 -27"><span class='ocrx_word' id='word_1_16' title='bbox 112 538 261 619; x_wconf 79' lang='lat' dir='ltr'><strong>distincta.</strong></span> <span class='ocrx_word' id='word_1_17' title='bbox 277 538 348 619; x_wconf 69' lang='lat' dir='ltr'><strong>(lum</strong></span> <span class='ocrx_word' id='word_1_18' title='bbox 370 537 527 595; x_wconf 83' lang='lat' dir='ltr'><strong>lormuam</strong></span> <span class='ocrx_word' id='word_1_19' title='bbox 545 539 620 595; x_wconf 89' lang='lat' dir='ltr'><strong>lianc</strong></span> <span class='ocrx_word' id='word_1_20' title='bbox 640 540 750 596; x_wconf 87' lang='lat' dir='ltr'><strong>Zabeus</strong></span> <span class='ocrx_word' id='word_1_21' title='bbox 768 538 943 611; x_wconf 88' lang='lat' dir='ltr'><strong>ipsissimam</strong></span> <span class='ocrx_word' id='word_1_22' title='bbox 999 539 1378 604; x_wconf 80' lang='lat' dir='ltr'><strong>trism,etcontrahaereaea</strong></span> <span class='ocrx_word' id='word_1_23' title='bbox 1394 544 1550 617; x_wconf 80' lang='lat' dir='ltr'><strong>prasertim</strong></span> <span class='ocrx_word' id='word_1_24' title='bbox 1561 548 1731 607; x_wconf 71' lang='lat' dir='ltr'><strong>arenarum</strong></span> <span class='ocrx_word' id='word_1_25' title='bbox 1754 553 1829 609; x_wconf 83' lang='lat' dir='ltr'><strong>ller-</strong></span> 
     </span>
     <span class='ocr_line' id='line_1_4' title="bbox 112 593 1829 736; baseline 0.01 -73"><span class='ocrx_word' id='word_1_26' title='bbox 112 624 173 664; x_wconf 89' lang='lat' dir='ltr'><strong>non</strong></span> <span class='ocrx_word' id='word_1_27' title='bbox 187 614 327 692; x_wconf 27' lang='lat' dir='ltr'><strong>‘inveniat</strong></span> <span class='ocrx_word' id='word_1_28' title='bbox 348 608 378 664; x_wconf 91' lang='lat' dir='ltr'><strong>in</strong></span> <span class='ocrx_word' id='word_1_29' title='bbox 399 609 519 681; x_wconf 67' lang='lat' dir='ltr'><strong>symboli</strong></span> <span class='ocrx_word' id='word_1_30' title='bbox 534 610 735 736; x_wconf 58' lang='lat' dir='ltr'><strong>Esgtonotioas</strong></span> <span class='ocrx_word' id='word_1_31' title='bbox 759 609 866 667; x_wconf 83' lang='lat' dir='ltr'><strong>Nicetae</strong></span> <span class='ocrx_word' id='word_1_32' title='bbox 887 610 946 683; x_wconf 88' lang='lat' dir='ltr'><strong>epi·</strong></span> <span class='ocrx_word' id='word_1_33' title='bbox 998 609 1180 679; x_wconf 75' lang='lat' dir='ltr'><strong>elonitarum,</strong></span> <span class='ocrx_word' id='word_1_34' title='bbox 1199 614 1406 687; x_wconf 64' lang='lat' dir='ltr'><strong>cataphrygum</strong></span> <span class='ocrx_word' id='word_1_35' title='bbox 1420 620 1446 671; x_wconf 84' lang='lat' dir='ltr'><strong>et</strong></span> <span class='ocrx_word' id='word_1_36' title='bbox 1460 616 1687 676; x_wconf 80' lang='lat' dir='ltr'><strong>lloaiclioorum.</strong></span> <span class='ocrx_word' id='word_1_37' title='bbox 1710 593 1829 680; x_wconf 70' lang='lat' dir='ltr'><strong>a&#39;Poiro</strong></span> 
     </span>
     <span class='ocr_line' id='line_1_5' title="bbox 112 679 1829 764; baseline 0.009 -29"><span class='ocrx_word' id='word_1_38' title='bbox 112 679 303 762; x_wconf 63' lang='lat' dir='ltr'><strong>scopabinc</strong></span> <span class='ocrx_word' id='word_1_39' title='bbox 323 684 367 762; x_wconf 80' lang='lat' dir='ltr'><strong>est</strong></span> <span class='ocrx_word' id='word_1_40' title='bbox 388 686 465 763; x_wconf 87' lang='lat' dir='ltr'><strong>quod</strong></span> <span class='ocrx_word' id='word_1_41' title='bbox 485 697 551 737; x_wconf 90' lang='lat' dir='ltr'><strong>eam</strong></span> <span class='ocrx_word' id='word_1_42' title='bbox 595 680 811 764; x_wconf 76' lang='lat' dir='ltr'><strong>iplaaationem</strong></span> <span class='ocrx_word' id='word_1_43' title='bbox 837 680 945 738; x_wconf 77' lang='lat' dir='ltr'><strong>Nicetes</strong></span> <span class='ocrx_word' id='word_1_44' title='bbox 1000 679 1060 737; x_wconf 83' lang='lat' dir='ltr'><strong>haec</strong></span> <span class='ocrx_word' id='word_1_45' title='bbox 1074 683 1208 751; x_wconf 88' lang='lat' dir='ltr'><strong>absurda,</strong></span> <span class='ocrx_word' id='word_1_46' title='bbox 1225 686 1779 759; x_wconf 68' lang='lat' dir='ltr'><strong>aitille,acultissimaitquileiensium</strong></span> <span class='ocrx_word' id='word_1_47' title='bbox 1795 711 1829 752; x_wconf 88' lang='lat' dir='ltr'><strong>ea</strong></span> 
     </span>
     <span class='ocr_line' id='line_1_6' title="bbox 111 750 1829 833; baseline 0.009 -27"><span class='ocrx_word' id='word_1_48' title='bbox 111 751 292 833; x_wconf 76' lang='lat' dir='ltr'><strong>Aquileiensi</strong></span> <span class='ocrx_word' id='word_1_49' title='bbox 306 750 468 823; x_wconf 68' lang='lat' dir='ltr'><strong>abjudicat;</strong></span> <span class='ocrx_word' id='word_1_50' title='bbox 482 755 511 808; x_wconf 89' lang='lat' dir='ltr'><strong>et</strong></span> <span class='ocrx_word' id='word_1_51' title='bbox 526 751 574 808; x_wconf 90' lang='lat' dir='ltr'><strong>lon</strong></span> <span class='ocrx_word' id='word_1_52' title='bbox 594 753 741 824; x_wconf 85' lang='lat' dir='ltr'><strong>squidem</strong></span> <span class='ocrx_word' id='word_1_53' title='bbox 756 752 895 819; x_wconf 87' lang='lat' dir='ltr'><strong>oratione,</strong></span> <span class='ocrx_word' id='word_1_54' title='bbox 911 768 946 809; x_wconf 81' lang='lat' dir='ltr'><strong>ex</strong></span> <span class='ocrx_word' id='word_1_55' title='bbox 1000 754 1171 825; x_wconf 74' lang='lat' dir='ltr'><strong>tempestate</strong></span> <span class='ocrx_word' id='word_1_56' title='bbox 1185 756 1343 828; x_wconf 75' lang='lat' dir='ltr'><strong>provincia,</strong></span> <span class='ocrx_word' id='word_1_57' title='bbox 1359 762 1391 814; x_wconf 93' lang='lat' dir='ltr'><strong>ut</strong></span> <span class='ocrx_word' id='word_1_58' title='bbox 1412 774 1496 814; x_wconf 87' lang='lat' dir='ltr'><strong>saara</strong></span> <span class='ocrx_word' id='word_1_59' title='bbox 1510 758 1699 817; x_wconf 83' lang='lat' dir='ltr'><strong>indicarimus</strong></span> <span class='ocrx_word' id='word_1_60' title='bbox 1730 764 1829 823; x_wconf 89' lang='lat' dir='ltr'><strong>abesse</strong></span> 
     </span>
     <span class='ocr_line' id='line_1_7' title="bbox 112 769 1830 906; baseline 0.008 -29"><span class='ocrx_word' id='word_1_61' title='bbox 112 837 172 893; x_wconf 87' lang='lat' dir='ltr'><strong>qua</strong></span> <span class='ocrx_word' id='word_1_62' title='bbox 188 820 376 903; x_wconf 84' lang='lat' dir='ltr'><strong>intelligimus</strong></span> <span class='ocrx_word' id='word_1_63' title='bbox 393 837 484 905; x_wconf 83' lang='lat' dir='ltr'><strong>unum</strong></span> <span class='ocrx_word' id='word_1_64' title='bbox 505 839 567 879; x_wconf 88' lang='lat' dir='ltr'><strong>asse</strong></span> <span class='ocrx_word' id='word_1_65' title='bbox 576 769 636 879; x_wconf 53' lang='lat' dir='ltr'><strong>iios</strong></span> <span class='ocrx_word' id='word_1_66' title='bbox 650 839 684 879; x_wconf 82' lang='lat' dir='ltr'><strong>ex</strong></span> <span class='ocrx_word' id='word_1_67' title='bbox 697 822 781 894; x_wconf 76' lang='lat' dir='ltr'><strong>praeci</strong></span> <span class='ocrx_word' id='word_1_68' title='bbox 804 822 848 880; x_wconf 90' lang='lat' dir='ltr'><strong>uis</strong></span> <span class='ocrx_word' id='word_1_69' title='bbox 862 839 945 906; x_wconf 72' lang='lat' dir='ltr'><strong>argis·</strong></span> <span class='ocrx_word' id='word_1_70' title='bbox 999 822 1158 881; x_wconf 75' lang='lat' dir='ltr'><strong>debuerant</strong></span> <span class='ocrx_word' id='word_1_71' title='bbox 1172 846 1179 885; x_wconf 81' lang='lat' dir='ltr'><strong><em>z</em></strong></span> <span class='ocrx_word' id='word_1_72' title='bbox 1193 833 1364 885; x_wconf 86' lang='lat' dir='ltr'><strong>contravero</strong></span> <span class='ocrx_word' id='word_1_73' title='bbox 1381 829 1468 901; x_wconf 71' lang='lat'><strong>100</strong></span> <span class='ocrx_word' id='word_1_74' title='bbox 1482 829 1571 885; x_wconf 91' lang='lat' dir='ltr'><strong>indoli</strong></span> <span class='ocrx_word' id='word_1_75' title='bbox 1585 804 1774 889; x_wconf 62' lang='lat' dir='ltr'><strong>barbaricum</strong></span> <span class='ocrx_word' id='word_1_76' title='bbox 1789 835 1830 892; x_wconf 88' lang='lat' dir='ltr'><strong>le·</strong></span> 
     </span>
     <span class='ocr_line' id='line_1_8' title="bbox 112 840 1829 975; baseline 0.008 -28"><span class='ocrx_word' id='word_1_77' title='bbox 112 897 226 948; x_wconf 86' lang='lat' dir='ltr'><strong>mentia</strong></span> <span class='ocrx_word' id='word_1_78' title='bbox 237 908 331 975; x_wconf 77' lang='lat' dir='ltr'><strong>cauam</strong></span> <span class='ocrx_word' id='word_1_79' title='bbox 342 909 411 950; x_wconf 77' lang='lat' dir='ltr'><strong>sum.</strong></span> <span class='ocrx_word' id='word_1_80' title='bbox 424 894 495 974; x_wconf 79' lang='lat' dir='ltr'><strong>Huic</strong></span> <span class='ocrx_word' id='word_1_81' title='bbox 507 910 676 966; x_wconf 90' lang='lat' dir='ltr'><strong>responsum</strong></span> <span class='ocrx_word' id='word_1_82' title='bbox 684 910 718 949; x_wconf 84' lang='lat' dir='ltr'><strong>ex</strong></span> <span class='ocrx_word' id='word_1_83' title='bbox 727 840 858 966; x_wconf 49' lang='lat' dir='ltr'><strong>proiisso</strong></span> <span class='ocrx_word' id='word_1_84' title='bbox 866 893 945 950; x_wconf 94' lang='lat' dir='ltr'><strong>dedi·</strong></span> <span class='ocrx_word' id='word_1_85' title='bbox 998 909 1155 967; x_wconf 82' lang='lat' dir='ltr'><strong>rarumque</strong></span> <span class='ocrx_word' id='word_1_86' title='bbox 1179 897 1331 955; x_wconf 90' lang='lat' dir='ltr'><strong>nationum</strong></span> <span class='ocrx_word' id='word_1_87' title='bbox 1354 900 1579 968; x_wconf 77' lang='lat' dir='ltr'><strong>conveniebant3</strong></span> <span class='ocrx_word' id='word_1_88' title='bbox 1600 924 1611 952; x_wconf 72' lang='lat' dir='ltr'><strong>a</strong></span> <span class='ocrx_word' id='word_1_89' title='bbox 1628 902 1658 957; x_wconf 92' lang='lat' dir='ltr'><strong>id</strong></span> <span class='ocrx_word' id='word_1_90' title='bbox 1674 908 1718 960; x_wconf 91' lang='lat' dir='ltr'><strong>eat</strong></span> <span class='ocrx_word' id='word_1_91' title='bbox 1738 903 1829 962; x_wconf 91' lang='lat' dir='ltr'><strong>indoli</strong></span> 
     </span>
     <span class='ocr_line' id='line_1_9' title="bbox 113 963 1828 1043; baseline 0.008 -25"><span class='ocrx_word' id='word_1_92' title='bbox 113 979 182 1019; x_wconf 87' lang='lat' dir='ltr'><strong>inus</strong></span> <span class='ocrx_word' id='word_1_93' title='bbox 199 967 293 1035; x_wconf 88' lang='lat' dir='ltr'><strong>capite</strong></span> <span class='ocrx_word' id='word_1_94' title='bbox 314 968 416 1034; x_wconf 91' lang='lat' dir='ltr'><strong>quarto</strong></span> <span class='ocrx_word' id='word_1_95' title='bbox 431 963 517 1036; x_wconf 68' lang='lat' dir='ltr'><strong>hujus</strong></span> <span class='ocrx_word' id='word_1_96' title='bbox 534 969 641 1022; x_wconf 82' lang='lat' dir='ltr'><strong>nostrm</strong></span> <span class='ocrx_word' id='word_1_97' title='bbox 665 963 876 1036; x_wconf 73' lang='lat' dir='ltr'><strong>disputationis,</strong></span> <span class='ocrx_word' id='word_1_98' title='bbox 897 964 945 1020; x_wconf 94' lang='lat' dir='ltr'><strong>ubi</strong></span> <span class='ocrx_word' id='word_1_99' title='bbox 999 966 1142 1023; x_wconf 85' lang='lat' dir='ltr'><strong>Dacorum</strong></span> <span class='ocrx_word' id='word_1_100' title='bbox 1152 965 1280 1036; x_wconf 84' lang='lat' dir='ltr'><strong>illorum,</strong></span> <span class='ocrx_word' id='word_1_101' title='bbox 1292 974 1324 1026; x_wconf 90' lang='lat' dir='ltr'><strong>ut</strong></span> <span class='ocrx_word' id='word_1_102' title='bbox 1333 971 1392 1041; x_wconf 89' lang='lat' dir='ltr'><strong>ipae</strong></span> <span class='ocrx_word' id='word_1_103' title='bbox 1405 975 1536 1027; x_wconf 92' lang='lat' dir='ltr'><strong>autumat</strong></span> <span class='ocrx_word' id='word_1_104' title='bbox 1556 972 1653 1043; x_wconf 82' lang='lat' dir='ltr'><strong>quiris</strong></span> <span class='ocrx_word' id='word_1_105' title='bbox 1665 974 1828 1032; x_wconf 81' lang='lat' dir='ltr'><strong>Danubium</strong></span> 
     </span>
     <span class='ocr_line' id='line_1_10' title="bbox 113 1015 1829 1117; baseline 0.008 -27"><span class='ocrx_word' id='word_1_106' title='bbox 113 1034 261 1117; x_wconf 68' lang='lat' dir='ltr'><strong>etiamen</strong></span> <span class='ocrx_word' id='word_1_107' title='bbox 273 1033 437 1116; x_wconf 75' lang='lat' dir='ltr'><strong>manifestis</strong></span> <span class='ocrx_word' id='word_1_108' title='bbox 448 1034 562 1117; x_wconf 85' lang='lat' dir='ltr'><strong>indiciis</strong></span> <span class='ocrx_word' id='word_1_109' title='bbox 574 1053 637 1108; x_wconf 82' lang='lat' dir='ltr'><strong>qum</strong></span> <span class='ocrx_word' id='word_1_110' title='bbox 651 1052 682 1093; x_wconf 91' lang='lat' dir='ltr'><strong>re</strong></span> <span class='ocrx_word' id='word_1_111' title='bbox 704 1035 834 1092; x_wconf 86' lang='lat' dir='ltr'><strong>criuntur</strong></span> <span class='ocrx_word' id='word_1_112' title='bbox 843 1035 944 1093; x_wconf 85' lang='lat' dir='ltr'><strong>veteris</strong></span> <span class='ocrx_word' id='word_1_113' title='bbox 998 1036 1222 1095; x_wconf 86' lang='lat' dir='ltr'><strong>ltemiasianensi</strong></span> <span class='ocrx_word' id='word_1_114' title='bbox 1233 1040 1367 1113; x_wconf 89' lang='lat' dir='ltr'><strong>episeopo</strong></span> <span class='ocrx_word' id='word_1_115' title='bbox 1377 1042 1523 1108; x_wconf 84' lang='lat' dir='ltr'><strong>suberant,</strong></span> <span class='ocrx_word' id='word_1_116' title='bbox 1534 1015 1584 1098; x_wconf 80' lang='lat' dir='ltr'><strong>liic</strong></span> <span class='ocrx_word' id='word_1_117' title='bbox 1598 1043 1713 1100; x_wconf 90' lang='lat' dir='ltr'><strong>interim</strong></span> <span class='ocrx_word' id='word_1_118' title='bbox 1729 1047 1829 1104; x_wconf 91' lang='lat' dir='ltr'><strong>admo·</strong></span> 
     </span>
     <span class='ocr_line' id='line_1_11' title="bbox 113 1103 1829 1188; baseline 0.008 -28"><span class='ocrx_word' id='word_1_119' title='bbox 113 1106 308 1188; x_wconf 74' lang='lat' dir='ltr'><strong>ltqmleiensis</strong></span> <span class='ocrx_word' id='word_1_120' title='bbox 329 1103 461 1162; x_wconf 84' lang='lat' dir='ltr'><strong>lormulre</strong></span> <span class='ocrx_word' id='word_1_121' title='bbox 472 1123 499 1162; x_wconf 93' lang='lat' dir='ltr'><strong>m</strong></span> <span class='ocrx_word' id='word_1_122' title='bbox 521 1106 575 1163; x_wconf 89' lang='lat' dir='ltr'><strong>hae</strong></span> <span class='ocrx_word' id='word_1_123' title='bbox 592 1106 655 1179; x_wconf 90' lang='lat' dir='ltr'><strong>ipsa</strong></span> <span class='ocrx_word' id='word_1_124' title='bbox 691 1106 790 1177; x_wconf 77' lang='lat' dir='ltr'><strong>guidoti</strong></span> <span class='ocrx_word' id='word_1_125' title='bbox 802 1106 945 1178; x_wconf 75' lang='lat' dir='ltr'><strong>Explosis-</strong></span> <span class='ocrx_word' id='word_1_126' title='bbox 999 1122 1066 1162; x_wconf 89' lang='lat' dir='ltr'><strong>nere</strong></span> <span class='ocrx_word' id='word_1_127' title='bbox 1081 1107 1184 1164; x_wconf 85' lang='lat' dir='ltr'><strong>iterum</strong></span> <span class='ocrx_word' id='word_1_128' title='bbox 1202 1111 1294 1181; x_wconf 72' lang='lat' dir='ltr'><strong>Juvat,</strong></span> <span class='ocrx_word' id='word_1_129' title='bbox 1313 1111 1390 1168; x_wconf 88' lang='lat' dir='ltr'><strong>male</strong></span> <span class='ocrx_word' id='word_1_130' title='bbox 1406 1113 1531 1168; x_wconf 87' lang='lat' dir='ltr'><strong>aZabeo</strong></span> <span class='ocrx_word' id='word_1_131' title='bbox 1546 1113 1684 1184; x_wconf 91' lang='lat' dir='ltr'><strong>appellari</strong></span> <span class='ocrx_word' id='word_1_132' title='bbox 1697 1116 1829 1174; x_wconf 80' lang='lat' dir='ltr'><strong>barbares</strong></span> 
     </span>
     <span class='ocr_line' id='line_1_12' title="bbox 113 1175 1828 1303; baseline 0.006 -71"><span class='ocrx_word' id='word_1_133' title='bbox 113 1175 307 1258; x_wconf 67' lang='lat' dir='ltr'><strong>boaeDioetm</strong></span> <span class='ocrx_word' id='word_1_134' title='bbox 319 1176 454 1259; x_wconf 80' lang='lat' dir='ltr'><strong>episcopi,</strong></span> <span class='ocrx_word' id='word_1_135' title='bbox 468 1179 601 1235; x_wconf 90' lang='lat' dir='ltr'><strong>eamdam</strong></span> <span class='ocrx_word' id='word_1_136' title='bbox 614 1177 758 1249; x_wconf 86' lang='lat' dir='ltr'><strong>pertinere</strong></span> <span class='ocrx_word' id='word_1_137' title='bbox 768 1177 944 1233; x_wconf 81' lang='lat' dir='ltr'><strong>asseruimus</strong></span> <span class='ocrx_word' id='word_1_138' title='bbox 996 1176 1121 1303; x_wconf 51' lang='lat' dir='ltr'><strong>ficosque</strong></span> <span class='ocrx_word' id='word_1_139' title='bbox 1133 1180 1269 1246; x_wconf 81' lang='lat' dir='ltr'><strong>notiones,</strong></span> <span class='ocrx_word' id='word_1_140' title='bbox 1286 1199 1334 1238; x_wconf 90' lang='lat' dir='ltr'><strong>eas</strong></span> <span class='ocrx_word' id='word_1_141' title='bbox 1354 1199 1417 1254; x_wconf 82' lang='lat' dir='ltr'><strong>quse</strong></span> <span class='ocrx_word' id='word_1_142' title='bbox 1431 1184 1578 1239; x_wconf 83' lang='lat' dir='ltr'><strong>dexteram</strong></span> <span class='ocrx_word' id='word_1_143' title='bbox 1594 1185 1715 1242; x_wconf 90' lang='lat' dir='ltr'><strong>Danubii</strong></span> <span class='ocrx_word' id='word_1_144' title='bbox 1734 1188 1828 1260; x_wconf 88' lang='lat' dir='ltr'><strong>ripam</strong></span> 
     </span>
     <span class='ocr_line' id='line_1_13' title="bbox 113 1246 1828 1330; baseline 0.006 -27"><span class='ocrx_word' id='word_1_145' title='bbox 113 1248 153 1303; x_wconf 88' lang='lat' dir='ltr'><strong>ad</strong></span> <span class='ocrx_word' id='word_1_146' title='bbox 167 1248 299 1303; x_wconf 86' lang='lat' dir='ltr'><strong>Nicetam</strong></span> <span class='ocrx_word' id='word_1_147' title='bbox 315 1247 527 1330; x_wconf 79' lang='lat' dir='ltr'><strong>Aquileiensem</strong></span> <span class='ocrx_word' id='word_1_148' title='bbox 544 1268 550 1309; x_wconf 91' lang='lat'>:</span> <span class='ocrx_word' id='word_1_149' title='bbox 568 1252 743 1320; x_wconf 86' lang='lat' dir='ltr'><strong>quapropter</strong></span> <span class='ocrx_word' id='word_1_150' title='bbox 757 1246 803 1303; x_wconf 94' lang='lat' dir='ltr'><strong>liic</strong></span> <span class='ocrx_word' id='word_1_151' title='bbox 821 1248 946 1304; x_wconf 88' lang='lat' dir='ltr'><strong>abstine·</strong></span> <span class='ocrx_word' id='word_1_152' title='bbox 1025 1247 1172 1305; x_wconf 78' lang='lat' dir='ltr'><strong>icetaetem</strong></span> <span class='ocrx_word' id='word_1_153' title='bbox 1195 1268 1243 1308; x_wconf 88' lang='lat' dir='ltr'><strong>ore</strong></span> <span class='ocrx_word' id='word_1_154' title='bbox 1255 1251 1558 1317; x_wconf 84' lang='lat' dir='ltr'><strong>incolebant‚maxime</strong></span> <span class='ocrx_word' id='word_1_155' title='bbox 1569 1270 1636 1311; x_wconf 80' lang='lat' dir='ltr'><strong>aero</strong></span> <span class='ocrx_word' id='word_1_156' title='bbox 1652 1257 1828 1314; x_wconf 90' lang='lat' dir='ltr'><strong>Dardaniam</strong></span> 
     </span>
     <span class='ocr_line' id='line_1_14' title="bbox 113 1268 1826 1401; baseline 0.006 -28"><span class='ocrx_word' id='word_1_157' title='bbox 113 1317 381 1401; x_wconf 75' lang='lat' dir='ltr'><strong>musabomnialia</strong></span> <span class='ocrx_word' id='word_1_158' title='bbox 392 1318 589 1391; x_wconf 81' lang='lat' dir='ltr'><strong>disquisitione</strong></span> <span class='ocrx_word' id='word_1_159' title='bbox 599 1318 746 1401; x_wconf 90' lang='lat' dir='ltr'><strong>liaesuper</strong></span> <span class='ocrx_word' id='word_1_160' title='bbox 755 1335 797 1388; x_wconf 78' lang='lat' dir='ltr'><strong>re,</strong></span> <span class='ocrx_word' id='word_1_161' title='bbox 812 1319 898 1392; x_wconf 73' lang='lat'><strong>150</strong></span> <span class='ocrx_word' id='word_1_162' title='bbox 909 1319 944 1375; x_wconf 85' lang='lat' dir='ltr'><strong>de</strong></span> <span class='ocrx_word' id='word_1_163' title='bbox 998 1334 1048 1401; x_wconf 76' lang='lat' dir='ltr'><strong>seu</strong></span> <span class='ocrx_word' id='word_1_164' title='bbox 1062 1335 1167 1376; x_wconf 84' lang='lat' dir='ltr'><strong>noram</strong></span> <span class='ocrx_word' id='word_1_165' title='bbox 1175 1268 1297 1377; x_wconf 46' lang='lat' dir='ltr'><strong>Daciam</strong></span> <span class='ocrx_word' id='word_1_166' title='bbox 1309 1321 1559 1389; x_wconf 82' lang='lat' dir='ltr'><strong>Mediterraneum,</strong></span> <span class='ocrx_word' id='word_1_167' title='bbox 1572 1325 1631 1391; x_wconf 88' lang='lat' dir='ltr'><strong>ubi,</strong></span> <span class='ocrx_word' id='word_1_168' title='bbox 1639 1326 1724 1398; x_wconf 80' lang='lat' dir='ltr'><strong>juata</strong></span> <span class='ocrx_word' id='word_1_169' title='bbox 1733 1327 1826 1393; x_wconf 89' lang='lat' dir='ltr'><strong>illum,</strong></span> 
     </span>
     <span class='ocr_line' id='line_1_15' title="bbox 112 1389 1828 1466; baseline 0.005 -21"><span class='ocrx_word' id='word_1_170' title='bbox 112 1407 172 1461; x_wconf 89' lang='lat' dir='ltr'><strong>qua</strong></span> <span class='ocrx_word' id='word_1_171' title='bbox 186 1389 292 1445; x_wconf 90' lang='lat' dir='ltr'><strong>ibidem</strong></span> <span class='ocrx_word' id='word_1_172' title='bbox 306 1393 377 1445; x_wconf 83' lang='lat' dir='ltr'><strong>satis</strong></span> <span class='ocrx_word' id='word_1_173' title='bbox 390 1407 530 1463; x_wconf 87' lang='lat' dir='ltr'><strong>superque</strong></span> <span class='ocrx_word' id='word_1_174' title='bbox 544 1391 651 1447; x_wconf 90' lang='lat' dir='ltr'><strong>dictum</strong></span> <span class='ocrx_word' id='word_1_175' title='bbox 665 1390 730 1447; x_wconf 86' lang='lat' dir='ltr'><strong>luit.</strong></span> <span class='ocrx_word' id='word_1_176' title='bbox 997 1389 1102 1446; x_wconf 78' lang='lat' dir='ltr'><strong>Nicete</strong></span> <span class='ocrx_word' id='word_1_177' title='bbox 1116 1391 1185 1447; x_wconf 89' lang='lat' dir='ltr'><strong>Daci</strong></span> <span class='ocrx_word' id='word_1_178' title='bbox 1199 1393 1379 1466; x_wconf 77' lang='lat' dir='ltr'><strong>episcopatus</strong></span> <span class='ocrx_word' id='word_1_179' title='bbox 1389 1399 1461 1451; x_wconf 70' lang='lat' dir='ltr'><strong>erat,</strong></span> <span class='ocrx_word' id='word_1_180' title='bbox 1473 1395 1528 1452; x_wconf 90' lang='lat' dir='ltr'><strong>Sed</strong></span> <span class='ocrx_word' id='word_1_181' title='bbox 1541 1395 1650 1452; x_wconf 88' lang='lat' dir='ltr'><strong>Zabeus</strong></span> <span class='ocrx_word' id='word_1_182' title='bbox 1664 1396 1693 1452; x_wconf 92' lang='lat' dir='ltr'><strong>in</strong></span> <span class='ocrx_word' id='word_1_183' title='bbox 1707 1401 1828 1454; x_wconf 90' lang='lat' dir='ltr'><strong>totasua</strong></span> 
     </span>
     <span class='ocr_line' id='line_1_16' title="bbox 149 1457 1828 1535; baseline 0.005 -19"><span class='ocrx_word' id='word_1_184' title='bbox 149 1462 279 1516; x_wconf 88' lang='lat' dir='ltr'><strong>Numero</strong></span> <span class='ocrx_word' id='word_1_185' title='bbox 292 1460 473 1529; x_wconf 88' lang='lat' dir='ltr'><strong>duodecimo,</strong></span> <span class='ocrx_word' id='word_1_186' title='bbox 493 1480 526 1517; x_wconf 92' lang='lat' dir='ltr'><strong>ac</strong></span> <span class='ocrx_word' id='word_1_187' title='bbox 541 1461 652 1518; x_wconf 90' lang='lat' dir='ltr'><strong>decimo</strong></span> <span class='ocrx_word' id='word_1_188' title='bbox 671 1460 765 1526; x_wconf 87' lang='lat' dir='ltr'><strong>terlio,</strong></span> <span class='ocrx_word' id='word_1_189' title='bbox 793 1457 944 1517; x_wconf 87' lang='lat' dir='ltr'><strong>solvendas</strong></span> <span class='ocrx_word' id='word_1_190' title='bbox 998 1459 1203 1520; x_wconf 76' lang='lat' dir='ltr'><strong>dissertatione</strong></span> <span class='ocrx_word' id='word_1_191' title='bbox 1218 1480 1295 1535; x_wconf 81' lang='lat' dir='ltr'><strong>saepe</strong></span> <span class='ocrx_word' id='word_1_192' title='bbox 1315 1464 1466 1521; x_wconf 82' lang='lat' dir='ltr'><strong>confundit</strong></span> <span class='ocrx_word' id='word_1_193' title='bbox 1486 1468 1576 1521; x_wconf 85' lang='lat' dir='ltr'><strong>Dacos</strong></span> <span class='ocrx_word' id='word_1_194' title='bbox 1598 1468 1744 1524; x_wconf 85' lang='lat' dir='ltr'><strong>itomanos</strong></span> <span class='ocrx_word' id='word_1_195' title='bbox 1762 1485 1828 1524; x_wconf 92' lang='lat' dir='ltr'><strong>cum</strong></span> 
     </span>
     <span class='ocr_line' id='line_1_17' title="bbox 44 1529 1827 1615; baseline 0.004 -29"><span class='ocrx_word' id='word_1_196' title='bbox 44 1564 47 1568; x_wconf 15' lang='grc' dir='ltr'>μ</span> <span class='ocrx_word' id='word_1_197' title='bbox 112 1530 169 1587; x_wconf 90' lang='lat' dir='ltr'><strong>sibi</strong></span> <span class='ocrx_word' id='word_1_198' title='bbox 199 1529 439 1615; x_wconf 40' lang='lat' dir='ltr'><strong>&#39;soponitZabeus</strong></span> <span class='ocrx_word' id='word_1_199' title='bbox 453 1532 637 1604; x_wconf 85' lang='lat' dir='ltr'><strong>objectiones,</strong></span> <span class='ocrx_word' id='word_1_200' title='bbox 653 1548 734 1614; x_wconf 40' lang='lat' dir='ltr'><strong>quas·</strong></span> <span class='ocrx_word' id='word_1_201' title='bbox 751 1530 877 1614; x_wconf 37' lang='lat' dir='ltr'><strong>&#39;nmaidet</strong></span> <span class='ocrx_word' id='word_1_202' title='bbox 891 1530 943 1587; x_wconf 89' lang='lat' dir='ltr'><strong>sibi</strong></span> <span class='ocrx_word' id='word_1_203' title='bbox 998 1532 1142 1597; x_wconf 85' lang='lat' dir='ltr'><strong>Barbaria,</strong></span> <span class='ocrx_word' id='word_1_204' title='bbox 1168 1537 1198 1590; x_wconf 88' lang='lat' dir='ltr'><strong>et</strong></span> <span class='ocrx_word' id='word_1_205' title='bbox 1212 1534 1330 1590; x_wconf 79' lang='lat' dir='ltr'><strong>Daciam</strong></span> <span class='ocrx_word' id='word_1_206' title='bbox 1377 1536 1733 1594; x_wconf 84' lang='lat' dir='ltr'><strong>roindeCisdanuhianam</strong></span> <span class='ocrx_word' id='word_1_207' title='bbox 1762 1555 1827 1594; x_wconf 92' lang='lat' dir='ltr'><strong>cum</strong></span> 
     </span>
     <span class='ocr_line' id='line_1_18' title="bbox 111 1548 1829 1686; baseline 0.005 -29"><span class='ocrx_word' id='word_1_208' title='bbox 111 1603 151 1658; x_wconf 90' lang='lat' dir='ltr'><strong>ab</strong></span> <span class='ocrx_word' id='word_1_209' title='bbox 198 1619 264 1673; x_wconf 91' lang='lat' dir='ltr'><strong>iquo</strong></span> <span class='ocrx_word' id='word_1_210' title='bbox 283 1603 399 1658; x_wconf 90' lang='lat' dir='ltr'><strong>obtendi</strong></span> <span class='ocrx_word' id='word_1_211' title='bbox 415 1619 507 1675; x_wconf 88' lang='lat' dir='ltr'><strong>posse,</strong></span> <span class='ocrx_word' id='word_1_212' title='bbox 528 1621 562 1685; x_wconf 82' lang='lat' dir='ltr'><strong>ex</strong></span> <span class='ocrx_word' id='word_1_213' title='bbox 581 1604 683 1659; x_wconf 83' lang='lat' dir='ltr'><strong>Latiae</strong></span> <span class='ocrx_word' id='word_1_214' title='bbox 697 1548 804 1686; x_wconf 61' lang='lat' dir='ltr'><strong>scilieet</strong></span> <span class='ocrx_word' id='word_1_215' title='bbox 821 1617 945 1659; x_wconf 78' lang='lat' dir='ltr'><strong>aei-moise</strong></span> <span class='ocrx_word' id='word_1_216' title='bbox 996 1602 1258 1684; x_wconf 56' lang='lat' dir='ltr'><strong>transdanubiana</strong></span> <span class='ocrx_word' id='word_1_217' title='bbox 1271 1622 1278 1660; x_wconf 91' lang='lat'><strong>:</strong></span> <span class='ocrx_word' id='word_1_218' title='bbox 1292 1554 1375 1679; x_wconf 57' lang='lat' dir='ltr'><strong>quariJ</strong></span> <span class='ocrx_word' id='word_1_219' title='bbox 1383 1607 1469 1679; x_wconf 87' lang='lat' dir='ltr'><strong>probe</strong></span> <span class='ocrx_word' id='word_1_220' title='bbox 1482 1606 1643 1664; x_wconf 86' lang='lat' dir='ltr'><strong>necessario</strong></span> <span class='ocrx_word' id='word_1_221' title='bbox 1653 1608 1706 1681; x_wconf 87' lang='lat' dir='ltr'><strong>ipsi</strong></span> <span class='ocrx_word' id='word_1_222' title='bbox 1716 1608 1829 1665; x_wconf 81' lang='lat' dir='ltr'><strong>eratis·</strong></span> 
     </span>
     <span class='ocr_line' id='line_1_19' title="bbox 111 1673 1826 1760; baseline 0.004 -31"><span class='ocrx_word' id='word_1_223' title='bbox 111 1690 172 1746; x_wconf 92' lang='lat' dir='ltr'><strong>quo</strong></span> <span class='ocrx_word' id='word_1_224' title='bbox 190 1676 309 1729; x_wconf 82' lang='lat' dir='ltr'><strong>exarata</strong></span> <span class='ocrx_word' id='word_1_225' title='bbox 327 1677 370 1729; x_wconf 89' lang='lat' dir='ltr'><strong>est</strong></span> <span class='ocrx_word' id='word_1_226' title='bbox 389 1673 559 1743; x_wconf 75' lang='lat' dir='ltr'><strong>Deploratis</strong></span> <span class='ocrx_word' id='word_1_227' title='bbox 581 1674 707 1744; x_wconf 77' lang='lat' dir='ltr'><strong>Spmbote</strong></span> <span class='ocrx_word' id='word_1_228' title='bbox 726 1674 843 1739; x_wconf 70' lang='lat' dir='ltr'><strong>Nicetes,</strong></span> <span class='ocrx_word' id='word_1_229' title='bbox 862 1676 891 1729; x_wconf 92' lang='lat' dir='ltr'><strong>et</strong></span> <span class='ocrx_word' id='word_1_230' title='bbox 910 1690 943 1729; x_wconf 85' lang='lat' dir='ltr'><strong>ex</strong></span> <span class='ocrx_word' id='word_1_231' title='bbox 996 1674 1130 1728; x_wconf 90' lang='lat' dir='ltr'><strong>ciendum</strong></span> <span class='ocrx_word' id='word_1_232' title='bbox 1146 1679 1211 1745; x_wconf 89' lang='lat' dir='ltr'><strong>post</strong></span> <span class='ocrx_word' id='word_1_233' title='bbox 1231 1678 1400 1759; x_wconf 86' lang='lat' dir='ltr'><strong>adoptatam</strong></span> <span class='ocrx_word' id='word_1_234' title='bbox 1422 1678 1600 1760; x_wconf 82' lang='lat' dir='ltr'><strong>opinionem,</strong></span> <span class='ocrx_word' id='word_1_235' title='bbox 1622 1681 1699 1751; x_wconf 88' lang='lat' dir='ltr'><strong>quod</strong></span> <span class='ocrx_word' id='word_1_236' title='bbox 1713 1679 1826 1736; x_wconf 83' lang='lat' dir='ltr'><strong>Nicetes</strong></span> 
     </span>
     <span class='ocr_line' id='line_1_20' title="bbox 109 1742 1827 1832; baseline 0.003 -31"><span class='ocrx_word' id='word_1_237' title='bbox 109 1744 297 1816; x_wconf 69' lang='lat' dir='ltr'><strong>caltorestgls‘</strong></span> <span class='ocrx_word' id='word_1_238' title='bbox 308 1744 333 1817; x_wconf 87' lang='lat' dir='ltr'><strong>ej</strong></span> <span class='ocrx_word' id='word_1_239' title='bbox 339 1746 440 1801; x_wconf 89' lang='lat' dir='ltr'><strong>uadem</strong></span> <span class='ocrx_word' id='word_1_240' title='bbox 447 1744 673 1817; x_wconf 67' lang='lat' dir='ltr'><strong>explanationis.</strong></span> <span class='ocrx_word' id='word_1_241' title='bbox 685 1743 867 1817; x_wconf 81' lang='lat' dir='ltr'><strong>objectiones</strong></span> <span class='ocrx_word' id='word_1_242' title='bbox 876 1760 943 1800; x_wconf 82' lang='lat' dir='ltr'><strong>vero</strong></span> <span class='ocrx_word' id='word_1_243' title='bbox 959 1753 983 1811; x_wconf 83' lang='grc' dir='ltr'><strong>Β</strong></span> <span class='ocrx_word' id='word_1_244' title='bbox 997 1742 1090 1799; x_wconf 90' lang='lat' dir='ltr'><strong>Dacus</strong></span> <span class='ocrx_word' id='word_1_245' title='bbox 1109 1745 1202 1801; x_wconf 88' lang='lat' dir='ltr'><strong>sancti</strong></span> <span class='ocrx_word' id='word_1_246' title='bbox 1216 1746 1327 1803; x_wconf 90' lang='lat' dir='ltr'><strong>Paulini</strong></span> <span class='ocrx_word' id='word_1_247' title='bbox 1341 1748 1445 1804; x_wconf 88' lang='lat' dir='ltr'><strong>Nolani</strong></span> <span class='ocrx_word' id='word_1_248' title='bbox 1460 1749 1570 1805; x_wconf 91' lang='lat' dir='ltr'><strong>amicus</strong></span> <span class='ocrx_word' id='word_1_249' title='bbox 1580 1750 1729 1832; x_wconf 89' lang='lat' dir='ltr'><strong>episcopus</strong></span> <span class='ocrx_word' id='word_1_250' title='bbox 1741 1750 1827 1807; x_wconf 87' lang='lat' dir='ltr'><strong>luerit</strong></span> 
     </span>
     <span class='ocr_line' id='line_1_21' title="bbox 110 1813 1827 1890; baseline 0.005 -20"><span class='ocrx_word' id='word_1_251' title='bbox 110 1813 179 1871; x_wconf 77' lang='lat' dir='ltr'><strong>istie</strong></span> <span class='ocrx_word' id='word_1_252' title='bbox 191 1814 263 1870; x_wconf 88' lang='lat' dir='ltr'><strong>tales</strong></span> <span class='ocrx_word' id='word_1_253' title='bbox 273 1819 341 1870; x_wconf 92' lang='lat' dir='ltr'><strong>sunt</strong></span> <span class='ocrx_word' id='word_1_254' title='bbox 352 1814 454 1887; x_wconf 86' lang='lat' dir='ltr'><strong>quibus</strong></span> <span class='ocrx_word' id='word_1_255' title='bbox 468 1815 563 1872; x_wconf 89' lang='lat' dir='ltr'><strong>omnia</strong></span> <span class='ocrx_word' id='word_1_256' title='bbox 575 1815 660 1871; x_wconf 90' lang='lat' dir='ltr'><strong>Zabei</strong></span> <span class='ocrx_word' id='word_1_257' title='bbox 674 1814 821 1885; x_wconf 87' lang='lat' dir='ltr'><strong>responsio</strong></span> <span class='ocrx_word' id='word_1_258' title='bbox 833 1813 943 1870; x_wconf 87' lang='lat' dir='ltr'><strong>insnili-</strong></span> <span class='ocrx_word' id='word_1_259' title='bbox 997 1814 1185 1872; x_wconf 76' lang='lat' dir='ltr'><strong>ltemisaiauae</strong></span> <span class='ocrx_word' id='word_1_260' title='bbox 1195 1816 1319 1874; x_wconf 81' lang='lat' dir='ltr'><strong>civitatis</strong></span> <span class='ocrx_word' id='word_1_261' title='bbox 1334 1817 1363 1873; x_wconf 96' lang='lat' dir='ltr'><strong>in</strong></span> <span class='ocrx_word' id='word_1_262' title='bbox 1380 1818 1467 1875; x_wconf 91' lang='lat' dir='ltr'><strong>Dacia</strong></span> <span class='ocrx_word' id='word_1_263' title='bbox 1481 1820 1613 1875; x_wconf 83' lang='lat' dir='ltr'><strong>Romana</strong></span> <span class='ocrx_word' id='word_1_264' title='bbox 1627 1825 1738 1890; x_wconf 73' lang='lat' dir='ltr'><strong>positee.</strong></span> <span class='ocrx_word' id='word_1_265' title='bbox 1752 1822 1827 1878; x_wconf 88' lang='lat' dir='ltr'><strong>Nam</strong></span> 
     </span>
     <span class='ocr_line' id='line_1_22' title="bbox 110 1885 1828 1962; baseline 0.002 -20"><span class='ocrx_word' id='word_1_266' title='bbox 110 1885 194 1942; x_wconf 91' lang='lat' dir='ltr'><strong>ciens</strong></span> <span class='ocrx_word' id='word_1_267' title='bbox 207 1885 339 1942; x_wconf 81' lang='lat' dir='ltr'><strong>videatur</strong></span> <span class='ocrx_word' id='word_1_268' title='bbox 355 1902 361 1942; x_wconf 93' lang='lat'>:</span> <span class='ocrx_word' id='word_1_269' title='bbox 378 1891 406 1943; x_wconf 89' lang='lat' dir='ltr'><strong>et</strong></span> <span class='ocrx_word' id='word_1_270' title='bbox 423 1903 476 1943; x_wconf 85' lang='lat' dir='ltr'><strong>nos</strong></span> <span class='ocrx_word' id='word_1_271' title='bbox 497 1903 609 1960; x_wconf 90' lang='lat' dir='ltr'><strong>quoque</strong></span> <span class='ocrx_word' id='word_1_272' title='bbox 631 1885 716 1957; x_wconf 89' lang='lat' dir='ltr'><strong>paulo</strong></span> <span class='ocrx_word' id='word_1_273' title='bbox 731 1889 797 1941; x_wconf 86' lang='lat' dir='ltr'><strong>ante</strong></span> <span class='ocrx_word' id='word_1_274' title='bbox 818 1885 941 1941; x_wconf 90' lang='lat' dir='ltr'><strong>ostendi·</strong></span> <span class='ocrx_word' id='word_1_275' title='bbox 996 1902 1063 1941; x_wconf 91' lang='lat' dir='ltr'><strong>cum</strong></span> <span class='ocrx_word' id='word_1_276' title='bbox 1086 1902 1120 1942; x_wconf 84' lang='lat' dir='ltr'><strong>ex</strong></span> <span class='ocrx_word' id='word_1_277' title='bbox 1135 1892 1235 1943; x_wconf 87' lang='lat' dir='ltr'><strong>sancto</strong></span> <span class='ocrx_word' id='word_1_278' title='bbox 1258 1888 1376 1945; x_wconf 85' lang='lat' dir='ltr'><strong>Paulino</strong></span> <span class='ocrx_word' id='word_1_279' title='bbox 1397 1893 1517 1955; x_wconf 89' lang='lat' dir='ltr'><strong>constet,</strong></span> <span class='ocrx_word' id='word_1_280' title='bbox 1534 1889 1668 1945; x_wconf 83' lang='lat' dir='ltr'><strong>barbaros</strong></span> <span class='ocrx_word' id='word_1_281' title='bbox 1681 1890 1776 1960; x_wconf 89' lang='lat' dir='ltr'><strong>reipsa</strong></span> <span class='ocrx_word' id='word_1_282' title='bbox 1788 1892 1828 1962; x_wconf 73' lang='lat' dir='ltr'><strong>fe·</strong></span> 
     </span>
     <span class='ocr_line' id='line_1_23' title="bbox 110 1956 1824 2082; baseline 0.002 -69"><span class='ocrx_word' id='word_1_283' title='bbox 110 1973 191 2022; x_wconf 89' lang='lat' dir='ltr'><strong>mus,</strong></span> <span class='ocrx_word' id='word_1_284' title='bbox 206 1956 351 2039; x_wconf 34' lang='lat' dir='ltr'><strong>culturam·</strong></span> <span class='ocrx_word' id='word_1_285' title='bbox 361 1958 430 2027; x_wconf 71' lang='lat' dir='ltr'><strong>styli</strong></span> <span class='ocrx_word' id='word_1_286' title='bbox 442 1957 471 2013; x_wconf 92' lang='lat' dir='ltr'><strong>in</strong></span> <span class='ocrx_word' id='word_1_287' title='bbox 480 1957 701 2039; x_wconf 83' lang='lat' dir='ltr'><strong>Latinoeloquio</strong></span> <span class='ocrx_word' id='word_1_288' title='bbox 716 1957 892 2082; x_wconf 52' lang='lat' dir='ltr'><strong>³ss⁰d9¹²⁰⁰⁸</strong></span> <span class='ocrx_word' id='word_1_289' title='bbox 903 1956 943 2012; x_wconf 87' lang='lat' dir='ltr'><strong>eis</strong></span> <span class='ocrx_word' id='word_1_290' title='bbox 996 1973 1093 2038; x_wconf 80' lang='lat' dir='ltr'><strong>rosque</strong></span> <span class='ocrx_word' id='word_1_291' title='bbox 1106 1964 1205 2030; x_wconf 90' lang='lat' dir='ltr'><strong>gentes</strong></span> <span class='ocrx_word' id='word_1_292' title='bbox 1217 1975 1266 2015; x_wconf 86' lang='lat' dir='ltr'><strong>esa</strong></span> <span class='ocrx_word' id='word_1_293' title='bbox 1285 1959 1383 2024; x_wconf 82' lang='lat' dir='ltr'><strong>luisse,</strong></span> <span class='ocrx_word' id='word_1_294' title='bbox 1399 1977 1461 2032; x_wconf 80' lang='lat' dir='ltr'><strong>quae</strong></span> <span class='ocrx_word' id='word_1_295' title='bbox 1475 1960 1559 2015; x_wconf 88' lang='lat' dir='ltr'><strong>beato</strong></span> <span class='ocrx_word' id='word_1_296' title='bbox 1574 1961 1680 2017; x_wconf 83' lang='lat' dir='ltr'><strong>Nicetae</strong></span> <span class='ocrx_word' id='word_1_297' title='bbox 1692 1961 1824 2033; x_wconf 90' lang='lat' dir='ltr'><strong>episcopo</strong></span> 
     </span>
     <span class='ocr_line' id='line_1_24' title="bbox 110 2027 1827 2110; baseline 0.002 -26"><span class='ocrx_word' id='word_1_298' title='bbox 110 2027 279 2110; x_wconf 77' lang='lat' dir='ltr'><strong>Danubium</strong></span> <span class='ocrx_word' id='word_1_299' title='bbox 291 2031 399 2110; x_wconf 82' lang='lat' dir='ltr'><strong>positos</strong></span> <span class='ocrx_word' id='word_1_300' title='bbox 411 2045 469 2084; x_wconf 92' lang='lat' dir='ltr'><strong>non</strong></span> <span class='ocrx_word' id='word_1_301' title='bbox 485 2028 610 2101; x_wconf 89' lang='lat' dir='ltr'><strong>potuisse</strong></span> <span class='ocrx_word' id='word_1_302' title='bbox 620 2028 726 2083; x_wconf 80' lang='lat' dir='ltr'><strong>Nicetae</strong></span> <span class='ocrx_word' id='word_1_303' title='bbox 760 2043 801 2082; x_wconf 90' lang='lat' dir='ltr'><strong>aci</strong></span> <span class='ocrx_word' id='word_1_304' title='bbox 812 2030 942 2098; x_wconf 90' lang='lat' dir='ltr'><strong>tempora</strong></span> <span class='ocrx_word' id='word_1_305' title='bbox 996 2043 1091 2083; x_wconf 89' lang='lat' dir='ltr'><strong>amieo</strong></span> <span class='ocrx_word' id='word_1_306' title='bbox 1097 2029 1307 2101; x_wconf 85' lang='lat' dir='ltr'><strong>suosuberant;</strong></span> <span class='ocrx_word' id='word_1_307' title='bbox 1318 2029 1444 2086; x_wconf 81' lang='lat' dir='ltr'><strong>borbore</strong></span> <span class='ocrx_word' id='word_1_308' title='bbox 1452 2031 1548 2103; x_wconf 85' lang='lat' dir='ltr'><strong>procul</strong></span> <span class='ocrx_word' id='word_1_309' title='bbox 1557 2030 1779 2104; x_wconf 74' lang='lat' dir='ltr'><strong>dubloseroeqaae</strong></span> <span class='ocrx_word' id='word_1_310' title='bbox 1785 2032 1827 2087; x_wconf 89' lang='lat' dir='ltr'><strong>di·</strong></span> 
     </span>
     <span class='ocr_line' id='line_1_25' title="bbox 110 2096 1824 2173; baseline 0.002 -18"><span class='ocrx_word' id='word_1_311' title='bbox 110 2100 255 2166; x_wconf 86' lang='lat' dir='ltr'><strong>obtinere,</strong></span> <span class='ocrx_word' id='word_1_312' title='bbox 270 2113 338 2169; x_wconf 88' lang='lat' dir='ltr'><strong>quia</strong></span> <span class='ocrx_word' id='word_1_313' title='bbox 351 2099 437 2155; x_wconf 91' lang='lat' dir='ltr'><strong>simul</strong></span> <span class='ocrx_word' id='word_1_314' title='bbox 451 2099 479 2155; x_wconf 91' lang='lat' dir='ltr'><strong>iu</strong></span> <span class='ocrx_word' id='word_1_315' title='bbox 490 2100 714 2169; x_wconf 88' lang='lat' dir='ltr'><strong>unacademque</strong></span> <span class='ocrx_word' id='word_1_316' title='bbox 724 2096 942 2170; x_wconf 82' lang='lat' dir='ltr'><strong>provinciaduae</strong></span> <span class='ocrx_word' id='word_1_317' title='bbox 996 2098 1095 2155; x_wconf 82' lang='lat' dir='ltr'><strong>candae</strong></span> <span class='ocrx_word' id='word_1_318' title='bbox 1108 2104 1192 2156; x_wconf 87' lang='lat' dir='ltr'><strong>erant</strong></span> <span class='ocrx_word' id='word_1_319' title='bbox 1211 2101 1298 2156; x_wconf 88' lang='lat' dir='ltr'><strong>etiam</strong></span> <span class='ocrx_word' id='word_1_320' title='bbox 1314 2099 1371 2158; x_wconf 76' lang='lat' dir='ltr'><strong>illas</strong></span> <span class='ocrx_word' id='word_1_321' title='bbox 1387 2101 1427 2157; x_wconf 88' lang='lat' dir='ltr'><strong>cis</strong></span> <span class='ocrx_word' id='word_1_322' title='bbox 1443 2101 1604 2158; x_wconf 86' lang='lat' dir='ltr'><strong>Danubium</strong></span> <span class='ocrx_word' id='word_1_323' title='bbox 1619 2102 1731 2173; x_wconf 81' lang='lat' dir='ltr'><strong>positae,</strong></span> <span class='ocrx_word' id='word_1_324' title='bbox 1747 2108 1775 2159; x_wconf 85' lang='lat' dir='ltr'><strong>el</strong></span> <span class='ocrx_word' id='word_1_325' title='bbox 1794 2103 1824 2159; x_wconf 92' lang='lat' dir='ltr'><strong>iii</strong></span> 
     </span>
     <span class='ocr_line' id='line_1_26' title="bbox 110 2167 1825 2242; baseline 0.003 -17"><span class='ocrx_word' id='word_1_326' title='bbox 110 2170 229 2242; x_wconf 84' lang='lat' dir='ltr'><strong>linguae,</strong></span> <span class='ocrx_word' id='word_1_327' title='bbox 241 2169 340 2225; x_wconf 77' lang='lat' dir='ltr'><strong>Grmca</strong></span> <span class='ocrx_word' id='word_1_328' title='bbox 349 2175 435 2242; x_wconf 88' lang='lat' dir='ltr'><strong>atque</strong></span> <span class='ocrx_word' id='word_1_329' title='bbox 448 2170 585 2237; x_wconf 71' lang='lat' dir='ltr'><strong>latinae</strong></span> <span class='ocrx_word' id='word_1_330' title='bbox 598 2169 689 2226; x_wconf 91' lang='lat' dir='ltr'><strong>multo</strong></span> <span class='ocrx_word' id='word_1_331' title='bbox 700 2173 829 2240; x_wconf 89' lang='lat' dir='ltr'><strong>tempore</strong></span> <span class='ocrx_word' id='word_1_332' title='bbox 839 2167 943 2225; x_wconf 86' lang='lat' dir='ltr'><strong>existe-</strong></span> <span class='ocrx_word' id='word_1_333' title='bbox 997 2170 1142 2226; x_wconf 83' lang='lat' dir='ltr'><strong>Dardania</strong></span> <span class='ocrx_word' id='word_1_334' title='bbox 1151 2187 1200 2226; x_wconf 89' lang='lat' dir='ltr'><strong>seu</strong></span> <span class='ocrx_word' id='word_1_335' title='bbox 1211 2186 1285 2227; x_wconf 87' lang='lat' dir='ltr'><strong>nora</strong></span> <span class='ocrx_word' id='word_1_336' title='bbox 1296 2171 1382 2228; x_wconf 90' lang='lat' dir='ltr'><strong>Dacia</strong></span> <span class='ocrx_word' id='word_1_337' title='bbox 1391 2173 1601 2229; x_wconf 81' lang='lat' dir='ltr'><strong>Mediterranea</strong></span> <span class='ocrx_word' id='word_1_338' title='bbox 1610 2173 1783 2239; x_wconf 80' lang='lat' dir='ltr'><strong>constitutae,</strong></span> <span class='ocrx_word' id='word_1_339' title='bbox 1795 2174 1825 2230; x_wconf 90' lang='lat' dir='ltr'><strong>iii</strong></span> 
     </span>
     <span class='ocr_line' id='line_1_27' title="bbox 110 2240 1826 2325; baseline 0.002 -29"><span class='ocrx_word' id='word_1_340' title='bbox 110 2241 194 2303; x_wconf 87' lang='lat' dir='ltr'><strong>bant,</strong></span> <span class='ocrx_word' id='word_1_341' title='bbox 209 2240 306 2296; x_wconf 87' lang='lat' dir='ltr'><strong>miuus</strong></span> <span class='ocrx_word' id='word_1_342' title='bbox 319 2256 385 2297; x_wconf 85' lang='lat' dir='ltr'><strong>vero</strong></span> <span class='ocrx_word' id='word_1_343' title='bbox 399 2242 532 2298; x_wconf 74' lang='lat' dir='ltr'><strong>hminem</strong></span> <span class='ocrx_word' id='word_1_344' title='bbox 554 2241 648 2313; x_wconf 87' lang='lat' dir='ltr'><strong>ipsum</strong></span> <span class='ocrx_word' id='word_1_345' title='bbox 667 2256 828 2305; x_wconf 67' lang='lat' dir='ltr'><strong>ammonem,</strong></span> <span class='ocrx_word' id='word_1_346' title='bbox 853 2240 941 2295; x_wconf 89' lang='lat' dir='ltr'><strong>etiam</strong></span> <span class='ocrx_word' id='word_1_347' title='bbox 996 2255 1030 2295; x_wconf 85' lang='lat' dir='ltr'><strong>ex</strong></span> <span class='ocrx_word' id='word_1_348' title='bbox 1045 2241 1181 2311; x_wconf 84' lang='lat' dir='ltr'><strong>cogitato,</strong></span> <span class='ocrx_word' id='word_1_349' title='bbox 1203 2241 1427 2298; x_wconf 83' lang='lat' dir='ltr'><strong>Remissianenai</strong></span> <span class='ocrx_word' id='word_1_350' title='bbox 1439 2242 1543 2299; x_wconf 78' lang='lat' dir='ltr'><strong>Nicetes</strong></span> <span class='ocrx_word' id='word_1_351' title='bbox 1562 2243 1737 2325; x_wconf 87' lang='lat' dir='ltr'><strong>episcopatu.</strong></span> <span class='ocrx_word' id='word_1_352' title='bbox 1764 2244 1826 2315; x_wconf 92' lang='lat' dir='ltr'><strong>lpse</strong></span> 
     </span>
     <span class='ocr_line' id='line_1_28' title="bbox 111 2309 1824 2383; baseline 0.001 -16"><span class='ocrx_word' id='word_1_353' title='bbox 111 2312 222 2382; x_wconf 89' lang='lat' dir='ltr'><strong>absque</strong></span> <span class='ocrx_word' id='word_1_354' title='bbox 234 2311 345 2367; x_wconf 91' lang='lat' dir='ltr'><strong>cultura</strong></span> <span class='ocrx_word' id='word_1_355' title='bbox 357 2310 431 2383; x_wconf 81' lang='lat' dir='ltr'><strong>styli,</strong></span> <span class='ocrx_word' id='word_1_356' title='bbox 442 2313 471 2369; x_wconf 92' lang='lat' dir='ltr'><strong>iu</strong></span> <span class='ocrx_word' id='word_1_357' title='bbox 481 2312 568 2369; x_wconf 86' lang='lat' dir='ltr'><strong>Dacia</strong></span> <span class='ocrx_word' id='word_1_358' title='bbox 580 2313 703 2367; x_wconf 86' lang='lat' dir='ltr'><strong>barbara</strong></span> <span class='ocrx_word' id='word_1_359' title='bbox 712 2309 943 2366; x_wconf 80' lang='lat' dir='ltr'><strong>Transdauubia-</strong></span> <span class='ocrx_word' id='word_1_360' title='bbox 995 2324 1061 2365; x_wconf 81' lang='lat' dir='ltr'><strong>vero</strong></span> <span class='ocrx_word' id='word_1_361' title='bbox 1069 2312 1189 2376; x_wconf 87' lang='lat' dir='ltr'><strong>Zabeus,</strong></span> <span class='ocrx_word' id='word_1_362' title='bbox 1198 2312 1246 2383; x_wconf 92' lang='lat' dir='ltr'><strong>qui</strong></span> <span class='ocrx_word' id='word_1_363' title='bbox 1256 2316 1357 2369; x_wconf 90' lang='lat' dir='ltr'><strong>contra</strong></span> <span class='ocrx_word' id='word_1_364' title='bbox 1365 2312 1477 2369; x_wconf 87' lang='lat' dir='ltr'><strong>Paulini</strong></span> <span class='ocrx_word' id='word_1_365' title='bbox 1489 2312 1588 2369; x_wconf 85' lang='lat' dir='ltr'><strong>Nolani</strong></span> <span class='ocrx_word' id='word_1_366' title='bbox 1597 2320 1727 2383; x_wconf 85' lang='lat' dir='ltr'><strong>apertam</strong></span> <span class='ocrx_word' id='word_1_367' title='bbox 1737 2313 1824 2369; x_wconf 88' lang='lat' dir='ltr'><strong>fldem</strong></span> 
     </span>
     <span class='ocr_line' id='line_1_29' title="bbox 110 2381 1825 2526; baseline 0.002 -18"><span class='ocrx_word' id='word_1_368' title='bbox 110 2381 941 2524; x_wconf 64' lang='lat' dir='ltr'><strong>laitlit‘lttalttttlltblltltttt&#39;llltttli</strong></span> <span class='ocrx_word' id='word_1_369' title='bbox 995 2381 1107 2523; x_wconf 65' lang='lat' dir='ltr'><strong>{lilii</strong></span> <span class='ocrx_word' id='word_1_370' title='bbox 1119 2383 1825 2526; x_wconf 55' lang='lat' dir='ltr'><strong>mittilbrittiiltttbtittltblbtstl</strong></span> 
     </span>
     <span class='ocr_line' id='line_1_30' title="bbox 360 2496 1825 2537; baseline 0.001 -16"><span class='ocrx_word' id='word_1_371' title='bbox 360 2496 367 2521; x_wconf 75' lang='lat' dir='ltr'><strong>t</strong></span> <span class='ocrx_word' id='word_1_372' title='bbox 557 2526 562 2536; x_wconf 30' lang='grc' dir='ltr'><em>ὓ</em></span> <span class='ocrx_word' id='word_1_373' title='bbox 1030 2522 1036 2534; x_wconf 46' lang='lat'>⁸</span> <span class='ocrx_word' id='word_1_374' title='bbox 1166 2523 1172 2535; x_wconf 38' lang='lat'><em>⁶</em></span> <span class='ocrx_word' id='word_1_375' title='bbox 1512 2525 1518 2537; x_wconf 47' lang='grc' dir='ltr'><strong><em>ι</em></strong></span> <span class='ocrx_word' id='word_1_376' title='bbox 1634 2525 1639 2535; x_wconf 52' lang='grc' dir='ltr'>Ι</span> <span class='ocrx_word' id='word_1_377' title='bbox 1752 2525 1758 2537; x_wconf 48' lang='grc'><em>.</em></span> <span class='ocrx_word' id='word_1_378' title='bbox 1802 2498 1825 2537; x_wconf 55' lang='grc'><strong>’9</strong></span> 
     </span>
     <span class='ocr_line' id='line_1_31' title="bbox 110 2524 1825 2677; baseline -0.001 -26"><span class='ocrx_word' id='word_1_379' title='bbox 110 2524 942 2677; x_wconf 68' lang='lat' dir='ltr'><strong>ieelimraeidiarlamaiimu:iic</strong></span> <span class='ocrx_word' id='word_1_380' title='bbox 995 2525 1825 2667; x_wconf 54' lang='lat' dir='ltr'><strong>imicitiamreiaecciirarissima:</strong></span> 
     </span>
     <span class='ocr_line' id='line_1_32' title="bbox 111 2662 1825 2746; baseline -0.001 -23"><span class='ocrx_word' id='word_1_381' title='bbox 111 2667 208 2723; x_wconf 88' lang='lat' dir='ltr'><strong>Zabeo</strong></span> <span class='ocrx_word' id='word_1_382' title='bbox 221 2667 396 2738; x_wconf 88' lang='lat' dir='ltr'><strong>oppositum,</strong></span> <span class='ocrx_word' id='word_1_383' title='bbox 407 2667 455 2738; x_wconf 89' lang='lat' dir='ltr'><strong>qui</strong></span> <span class='ocrx_word' id='word_1_384' title='bbox 470 2672 572 2739; x_wconf 90' lang='lat' dir='ltr'><strong>quarto</strong></span> <span class='ocrx_word' id='word_1_385' title='bbox 584 2665 714 2724; x_wconf 78' lang='lat' dir='ltr'><strong>Ecclesia</strong></span> <span class='ocrx_word' id='word_1_386' title='bbox 728 2664 829 2721; x_wconf 81' lang='lat' dir='ltr'><strong>saeculo</strong></span> <span class='ocrx_word' id='word_1_387' title='bbox 838 2680 866 2719; x_wconf 93' lang='lat' dir='ltr'><strong>in</strong></span> <span class='ocrx_word' id='word_1_388' title='bbox 877 2680 942 2720; x_wconf 90' lang='lat' dir='ltr'><strong>suo·</strong></span> <span class='ocrx_word' id='word_1_389' title='bbox 992 2662 1057 2746; x_wconf 78' lang='lat' dir='ltr'><strong>jam</strong></span> <span class='ocrx_word' id='word_1_390' title='bbox 1068 2680 1085 2719; x_wconf 92' lang='lat' dir='ltr'><strong>a</strong></span> <span class='ocrx_word' id='word_1_391' title='bbox 1097 2670 1224 2746; x_wconf 88' lang='lat' dir='ltr'><strong>tempore</strong></span> <span class='ocrx_word' id='word_1_392' title='bbox 1233 2665 1341 2720; x_wconf 83' lang='lat' dir='ltr'><strong>Niciani</strong></span> <span class='ocrx_word' id='word_1_393' title='bbox 1350 2665 1462 2721; x_wconf 91' lang='lat' dir='ltr'><strong>concilii</strong></span> <span class='ocrx_word' id='word_1_394' title='bbox 1474 2664 1561 2720; x_wconf 86' lang='lat' dir='ltr'><strong>luisse</strong></span> <span class='ocrx_word' id='word_1_395' title='bbox 1571 2664 1599 2718; x_wconf 91' lang='lat' dir='ltr'><strong>in</strong></span> <span class='ocrx_word' id='word_1_396' title='bbox 1611 2665 1714 2722; x_wconf 90' lang='lat' dir='ltr'><strong>eadem</strong></span> <span class='ocrx_word' id='word_1_397' title='bbox 1726 2664 1825 2732; x_wconf 79' lang='lat' dir='ltr'><strong>Dacia,</strong></span> 
     </span>
     <span class='ocr_line' id='line_1_33' title="bbox 110 2734 1823 2810; baseline -0.001 -17"><span class='ocrx_word' id='word_1_398' title='bbox 110 2753 181 2793; x_wconf 84' lang='lat' dir='ltr'><strong>rom</strong></span> <span class='ocrx_word' id='word_1_399' title='bbox 196 2736 355 2793; x_wconf 83' lang='lat' dir='ltr'><strong>Gothorum</strong></span> <span class='ocrx_word' id='word_1_400' title='bbox 370 2754 418 2794; x_wconf 91' lang='lat' dir='ltr'><strong>seii</strong></span> <span class='ocrx_word' id='word_1_401' title='bbox 434 2738 570 2794; x_wconf 87' lang='lat' dir='ltr'><strong>Getarum</strong></span> <span class='ocrx_word' id='word_1_402' title='bbox 585 2737 722 2810; x_wconf 90' lang='lat' dir='ltr'><strong>gratiam,</strong></span> <span class='ocrx_word' id='word_1_403' title='bbox 754 2735 940 2791; x_wconf 88' lang='lat' dir='ltr'><strong>uicisDanu-</strong></span> <span class='ocrx_word' id='word_1_404' title='bbox 996 2734 1302 2791; x_wconf 84' lang='lat' dir='ltr'><strong>inDardamascilicet</strong></span> <span class='ocrx_word' id='word_1_405' title='bbox 1317 2734 1637 2807; x_wconf 87' lang='lat' dir='ltr'><strong>acinMoeaiaquoque,</strong></span> <span class='ocrx_word' id='word_1_406' title='bbox 1655 2734 1823 2808; x_wconf 84' lang='lat' dir='ltr'><strong>pluresjam</strong></span> 
     </span>
     <span class='ocr_line' id='line_1_34' title="bbox 110 2804 1824 2879; baseline -0.001 -16"><span class='ocrx_word' id='word_1_407' title='bbox 110 2808 193 2864; x_wconf 88' lang='lat' dir='ltr'><strong>bium</strong></span> <span class='ocrx_word' id='word_1_408' title='bbox 208 2808 316 2864; x_wconf 82' lang='lat' dir='ltr'><strong>bloesioe</strong></span> <span class='ocrx_word' id='word_1_409' title='bbox 330 2812 442 2879; x_wconf 90' lang='lat' dir='ltr'><strong>partem</strong></span> <span class='ocrx_word' id='word_1_410' title='bbox 457 2826 491 2865; x_wconf 89' lang='lat' dir='ltr'><strong>ac</strong></span> <span class='ocrx_word' id='word_1_411' title='bbox 505 2809 592 2866; x_wconf 91' lang='lat' dir='ltr'><strong>etiam</strong></span> <span class='ocrx_word' id='word_1_412' title='bbox 606 2807 733 2864; x_wconf 85' lang='lat' dir='ltr'><strong>Thraciae</strong></span> <span class='ocrx_word' id='word_1_413' title='bbox 767 2805 940 2862; x_wconf 74' lang='lat' dir='ltr'><strong>alentisilu-</strong></span> <span class='ocrx_word' id='word_1_414' title='bbox 996 2804 1142 2861; x_wconf 85' lang='lat' dir='ltr'><strong>institutos</strong></span> <span class='ocrx_word' id='word_1_415' title='bbox 1154 2805 1332 2877; x_wconf 85' lang='lat' dir='ltr'><strong>episcopatus</strong></span> <span class='ocrx_word' id='word_1_416' title='bbox 1347 2822 1412 2861; x_wconf 89' lang='lat' dir='ltr'><strong>cum</strong></span> <span class='ocrx_word' id='word_1_417' title='bbox 1424 2805 1483 2861; x_wconf 90' lang='lat' dir='ltr'><strong>suis</strong></span> <span class='ocrx_word' id='word_1_418' title='bbox 1498 2804 1636 2877; x_wconf 90' lang='lat' dir='ltr'><strong>episeopis</strong></span> <span class='ocrx_word' id='word_1_419' title='bbox 1651 2807 1703 2861; x_wconf 87' lang='lat' dir='ltr'><strong>snb</strong></span> <span class='ocrx_word' id='word_1_420' title='bbox 1718 2810 1824 2862; x_wconf 90' lang='lat' dir='ltr'><strong>metro·</strong></span> 
     </span>
     <span class='ocr_line' id='line_1_35' title="bbox 108 2875 1821 2951; baseline -0.001 -16"><span class='ocrx_word' id='word_1_421' title='bbox 108 2878 189 2951; x_wconf 88' lang='lat' dir='ltr'><strong>guati</strong></span> <span class='ocrx_word' id='word_1_422' title='bbox 203 2879 387 2936; x_wconf 85' lang='lat' dir='ltr'><strong>concessione</strong></span> <span class='ocrx_word' id='word_1_423' title='bbox 400 2879 585 2937; x_wconf 88' lang='lat' dir='ltr'><strong>obtinuerunt</strong></span> <span class='ocrx_word' id='word_1_424' title='bbox 597 2879 649 2951; x_wconf 86' lang='lat' dir='ltr'><strong>(uti</strong></span> <span class='ocrx_word' id='word_1_425' title='bbox 660 2895 694 2933; x_wconf 87' lang='lat' dir='ltr'><strong>ex</strong></span> <span class='ocrx_word' id='word_1_426' title='bbox 708 2877 826 2932; x_wconf 85' lang='lat' dir='ltr'><strong>historia</strong></span> <span class='ocrx_word' id='word_1_427' title='bbox 838 2880 939 2932; x_wconf 89' lang='lat' dir='ltr'><strong>notum</strong></span> <span class='ocrx_word' id='word_1_428' title='bbox 995 2875 1053 2948; x_wconf 92' lang='lat' dir='ltr'><strong>poli</strong></span> <span class='ocrx_word' id='word_1_429' title='bbox 1065 2876 1237 2943; x_wconf 87' lang='lat' dir='ltr'><strong>Sardicensi,</strong></span> <span class='ocrx_word' id='word_1_430' title='bbox 1253 2877 1330 2947; x_wconf 92' lang='lat' dir='ltr'><strong>quod</strong></span> <span class='ocrx_word' id='word_1_431' title='bbox 1347 2892 1417 2933; x_wconf 87' lang='lat' dir='ltr'><strong>sane</strong></span> <span class='ocrx_word' id='word_1_432' title='bbox 1431 2892 1466 2932; x_wconf 82' lang='lat' dir='ltr'><strong>ex</strong></span> <span class='ocrx_word' id='word_1_433' title='bbox 1478 2875 1676 2932; x_wconf 87' lang='lat' dir='ltr'><strong>monumentis</strong></span> <span class='ocrx_word' id='word_1_434' title='bbox 1690 2876 1821 2933; x_wconf 87' lang='lat' dir='ltr'><strong>ecelesia·</strong></span> 
     </span>
     <span class='ocr_line' id='line_1_36' title="bbox 109 2945 1822 3077; baseline -0.001 -71"><span class='ocrx_word' id='word_1_435' title='bbox 109 2951 179 3023; x_wconf 87' lang='lat' dir='ltr'><strong>est),</strong></span> <span class='ocrx_word' id='word_1_436' title='bbox 192 2954 319 3077; x_wconf 61' lang='lat' dir='ltr'><strong>gustum</strong></span> <span class='ocrx_word' id='word_1_437' title='bbox 328 2950 483 3023; x_wconf 82' lang='lat' dir='ltr'><strong>Evangelia</strong></span> <span class='ocrx_word' id='word_1_438' title='bbox 492 2951 521 3006; x_wconf 95' lang='lat' dir='ltr'><strong>in</strong></span> <span class='ocrx_word' id='word_1_439' title='bbox 535 2966 635 3006; x_wconf 89' lang='lat' dir='ltr'><strong>eorum</strong></span> <span class='ocrx_word' id='word_1_440' title='bbox 646 2949 774 3016; x_wconf 85' lang='lat' dir='ltr'><strong>linguam</strong></span> <span class='ocrx_word' id='word_1_441' title='bbox 782 2946 939 3013; x_wconf 80' lang='lat' dir='ltr'><strong>transtulit,</strong></span> <span class='ocrx_word' id='word_1_442' title='bbox 995 2945 1073 3028; x_wconf 79' lang='lat' dir='ltr'><strong>sticis</strong></span> <span class='ocrx_word' id='word_1_443' title='bbox 1091 2953 1188 3018; x_wconf 89' lang='lat' dir='ltr'><strong>aperte</strong></span> <span class='ocrx_word' id='word_1_444' title='bbox 1203 2951 1325 3012; x_wconf 87' lang='lat' dir='ltr'><strong>constat,</strong></span> <span class='ocrx_word' id='word_1_445' title='bbox 1346 2951 1375 3003; x_wconf 93' lang='lat' dir='ltr'><strong>et</strong></span> <span class='ocrx_word' id='word_1_446' title='bbox 1389 2963 1442 3002; x_wconf 90' lang='lat' dir='ltr'><strong>nos</strong></span> <span class='ocrx_word' id='word_1_447' title='bbox 1458 2964 1571 3019; x_wconf 88' lang='lat' dir='ltr'><strong>quoque</strong></span> <span class='ocrx_word' id='word_1_448' title='bbox 1588 2948 1714 3003; x_wconf 92' lang='lat' dir='ltr'><strong>secundo</strong></span> <span class='ocrx_word' id='word_1_449' title='bbox 1729 2946 1822 3019; x_wconf 89' lang='lat' dir='ltr'><strong>capite</strong></span> 
     </span>
     <span class='ocr_line' id='line_1_37' title="bbox 132 3018 1821 3094; baseline -0.002 -17"><span class='ocrx_word' id='word_1_450' title='bbox 132 3037 178 3077; x_wconf 79' lang='lat' dir='ltr'><strong>um</strong></span> <span class='ocrx_word' id='word_1_451' title='bbox 218 3020 325 3087; x_wconf 89' lang='lat' dir='ltr'><strong>ordaci‚</strong></span> <span class='ocrx_word' id='word_1_452' title='bbox 339 3038 373 3077; x_wconf 92' lang='lat' dir='ltr'><strong>eii</strong></span> <span class='ocrx_word' id='word_1_453' title='bbox 386 3020 510 3094; x_wconf 91' lang='lat' dir='ltr'><strong>pretioso</strong></span> <span class='ocrx_word' id='word_1_454' title='bbox 525 3020 621 3077; x_wconf 87' lang='lat' dir='ltr'><strong>codice</strong></span> <span class='ocrx_word' id='word_1_455' title='bbox 640 3019 717 3077; x_wconf 89' lang='lat' dir='ltr'><strong>edita</strong></span> <span class='ocrx_word' id='word_1_456' title='bbox 733 3018 848 3075; x_wconf 88' lang='lat' dir='ltr'><strong>luerunt</strong></span> <span class='ocrx_word' id='word_1_457' title='bbox 863 3034 940 3075; x_wconf 91' lang='lat' dir='ltr'><strong>anno</strong></span> <span class='ocrx_word' id='word_1_458' title='bbox 996 3018 1083 3089; x_wconf 71' lang='lat' dir='ltr'><strong>buius</strong></span> <span class='ocrx_word' id='word_1_459' title='bbox 1095 3018 1304 3074; x_wconf 81' lang='lat' dir='ltr'><strong>dissertationis</strong></span> <span class='ocrx_word' id='word_1_460' title='bbox 1315 3019 1380 3092; x_wconf 88' lang='lat' dir='ltr'><strong>jam</strong></span> <span class='ocrx_word' id='word_1_461' title='bbox 1394 3018 1456 3074; x_wconf 89' lang='lat' dir='ltr'><strong>luae</strong></span> <span class='ocrx_word' id='word_1_462' title='bbox 1466 3018 1661 3085; x_wconf 80' lang='lat' dir='ltr'><strong>ostendimus3</strong></span> <span class='ocrx_word' id='word_1_463' title='bbox 1675 3018 1821 3090; x_wconf 91' lang='lat' dir='ltr'><strong>quomodo</strong></span> 
     </span>
     <span class='ocr_line' id='line_1_38' title="bbox 110 3040 1821 3163; baseline -0.001 -15"><span class='ocrx_word' id='word_1_464' title='bbox 110 3040 195 3163; x_wconf 53' lang='lat'><strong>2665,</strong></span> <span class='ocrx_word' id='word_1_465' title='bbox 208 3109 226 3148; x_wconf 90' lang='lat' dir='ltr'><strong>a</strong></span> <span class='ocrx_word' id='word_1_466' title='bbox 239 3092 388 3149; x_wconf 83' lang='lat' dir='ltr'><strong>Francisco</strong></span> <span class='ocrx_word' id='word_1_467' title='bbox 401 3093 485 3149; x_wconf 83' lang='lat' dir='ltr'><strong>lunio</strong></span> <span class='ocrx_word' id='word_1_468' title='bbox 500 3097 529 3148; x_wconf 89' lang='lat' dir='ltr'><strong>et</strong></span> <span class='ocrx_word' id='word_1_469' title='bbox 542 3091 652 3148; x_wconf 83' lang='lat' dir='ltr'><strong>Tlioma</strong></span> <span class='ocrx_word' id='word_1_470' title='bbox 666 3088 858 3155; x_wconf 85' lang='lat' dir='ltr'><strong>illaresehalo;</strong></span> <span class='ocrx_word' id='word_1_471' title='bbox 875 3088 938 3153; x_wconf 85' lang='lat' dir='ltr'><strong>lior,</strong></span> <span class='ocrx_word' id='word_1_472' title='bbox 957 3099 981 3159; x_wconf 83' lang='lat' dir='ltr'><strong>c</strong></span> <span class='ocrx_word' id='word_1_473' title='bbox 995 3104 1054 3145; x_wconf 94' lang='lat' dir='ltr'><strong>non</strong></span> <span class='ocrx_word' id='word_1_474' title='bbox 1069 3086 1210 3145; x_wconf 81' lang='lat' dir='ltr'><strong>intellexit</strong></span> <span class='ocrx_word' id='word_1_475' title='bbox 1223 3088 1360 3145; x_wconf 84' lang='lat' dir='ltr'><strong>barbaros</strong></span> <span class='ocrx_word' id='word_1_476' title='bbox 1372 3090 1497 3162; x_wconf 75' lang='lat' dir='ltr'><strong>serosque</strong></span> <span class='ocrx_word' id='word_1_477' title='bbox 1506 3094 1615 3162; x_wconf 86' lang='lat' dir='ltr'><strong>gentes,</strong></span> <span class='ocrx_word' id='word_1_478' title='bbox 1629 3089 1744 3145; x_wconf 90' lang='lat' dir='ltr'><strong>nonnisi</strong></span> <span class='ocrx_word' id='word_1_479' title='bbox 1759 3105 1821 3161; x_wconf 86' lang='lat' dir='ltr'><strong>per·</strong></span> 
     </span>
     <span class='ocr_line' id='line_1_39' title="bbox 111 3159 1822 3235; baseline -0.001 -16"><span class='ocrx_word' id='word_1_480' title='bbox 111 3163 245 3234; x_wconf 89' lang='lat' dir='ltr'><strong>inquam.</strong></span> <span class='ocrx_word' id='word_1_481' title='bbox 264 3163 373 3219; x_wconf 83' lang='lat' dir='ltr'><strong>laetum</strong></span> <span class='ocrx_word' id='word_1_482' title='bbox 390 3163 448 3220; x_wconf 89' lang='lat' dir='ltr'><strong>tale</strong></span> <span class='ocrx_word' id='word_1_483' title='bbox 463 3167 514 3226; x_wconf 86' lang='lat' dir='ltr'><strong>eat,</strong></span> <span class='ocrx_word' id='word_1_484' title='bbox 531 3161 669 3235; x_wconf 91' lang='lat' dir='ltr'><strong>quidquid</strong></span> <span class='ocrx_word' id='word_1_485' title='bbox 683 3161 792 3217; x_wconf 86' lang='lat' dir='ltr'><strong>Zabeus</strong></span> <span class='ocrx_word' id='word_1_486' title='bbox 806 3159 892 3224; x_wconf 87' lang='lat' dir='ltr'><strong>dicat,</strong></span> <span class='ocrx_word' id='word_1_487' title='bbox 909 3164 941 3215; x_wconf 89' lang='lat' dir='ltr'><strong>ut</strong></span> <span class='ocrx_word' id='word_1_488' title='bbox 994 3176 1094 3231; x_wconf 87' lang='lat' dir='ltr'><strong>peram</strong></span> <span class='ocrx_word' id='word_1_489' title='bbox 1108 3176 1141 3215; x_wconf 88' lang='lat' dir='ltr'><strong>ac</strong></span> <span class='ocrx_word' id='word_1_490' title='bbox 1154 3159 1268 3229; x_wconf 74' lang='lat' dir='ltr'><strong>injurie,</strong></span> <span class='ocrx_word' id='word_1_491' title='bbox 1280 3161 1333 3216; x_wconf 90' lang='lat' dir='ltr'><strong>dici</strong></span> <span class='ocrx_word' id='word_1_492' title='bbox 1351 3177 1433 3233; x_wconf 88' lang='lat' dir='ltr'><strong>posse</strong></span> <span class='ocrx_word' id='word_1_493' title='bbox 1449 3176 1498 3217; x_wconf 89' lang='lat' dir='ltr'><strong>eas</strong></span> <span class='ocrx_word' id='word_1_494' title='bbox 1519 3160 1622 3232; x_wconf 91' lang='lat' dir='ltr'><strong>quibus</strong></span> <span class='ocrx_word' id='word_1_495' title='bbox 1637 3160 1750 3217; x_wconf 77' lang='lat' dir='ltr'><strong>llicetas</strong></span> <span class='ocrx_word' id='word_1_496' title='bbox 1765 3160 1822 3232; x_wconf 91' lang='lat' dir='ltr'><strong>epi·</strong></span> 
     </span>
     <span class='ocr_line' id='line_1_40' title="bbox 132 3219 1822 3307; baseline -0.001 -18"><span class='ocrx_word' id='word_1_497' title='bbox 132 3235 217 3290; x_wconf 86' lang='lat' dir='ltr'><strong>robet</strong></span> <span class='ocrx_word' id='word_1_498' title='bbox 225 3235 494 3307; x_wconf 86' lang='lat' dir='ltr'><strong>Latinamlinguam</strong></span> <span class='ocrx_word' id='word_1_499' title='bbox 505 3250 539 3291; x_wconf 94' lang='lat' dir='ltr'><strong>eo</strong></span> <span class='ocrx_word' id='word_1_500' title='bbox 547 3239 677 3304; x_wconf 90' lang='lat' dir='ltr'><strong>tempore</strong></span> <span class='ocrx_word' id='word_1_501' title='bbox 688 3232 762 3304; x_wconf 89' lang='lat' dir='ltr'><strong>apud</strong></span> <span class='ocrx_word' id='word_1_502' title='bbox 770 3233 869 3304; x_wconf 86' lang='lat' dir='ltr'><strong>gentes</strong></span> <span class='ocrx_word' id='word_1_503' title='bbox 877 3231 940 3287; x_wconf 87' lang='lat' dir='ltr'><strong>bai·-</strong></span> <span class='ocrx_word' id='word_1_504' title='bbox 993 3247 1096 3301; x_wconf 88' lang='lat' dir='ltr'><strong>scopus</strong></span> <span class='ocrx_word' id='word_1_505' title='bbox 1109 3219 1347 3288; x_wconf 84' lang='lat' dir='ltr'><strong>lteinissianensis</strong></span> <span class='ocrx_word' id='word_1_506' title='bbox 1358 3231 1387 3286; x_wconf 94' lang='lat' dir='ltr'><strong>in</strong></span> <span class='ocrx_word' id='word_1_507' title='bbox 1400 3232 1531 3287; x_wconf 80' lang='lat' dir='ltr'><strong>Romana</strong></span> <span class='ocrx_word' id='word_1_508' title='bbox 1544 3230 1631 3286; x_wconf 86' lang='lat' dir='ltr'><strong>Dacia</strong></span> <span class='ocrx_word' id='word_1_509' title='bbox 1644 3230 1822 3303; x_wconf 70' lang='lat' dir='ltr'><strong>praefuisset?</strong></span> 
     </span>
     <span class='ocr_line' id='line_1_41' title="bbox 110 3252 1881 3375; baseline -0.001 -15"><span class='ocrx_word' id='word_1_510' title='bbox 110 3252 209 3371; x_wconf 60' lang='lat' dir='ltr'><strong>Euros,</strong></span> <span class='ocrx_word' id='word_1_511' title='bbox 225 3306 312 3361; x_wconf 90' lang='lat' dir='ltr'><strong>etiam</strong></span> <span class='ocrx_word' id='word_1_512' title='bbox 327 3305 367 3361; x_wconf 92' lang='lat' dir='ltr'><strong>cis</strong></span> <span class='ocrx_word' id='word_1_513' title='bbox 382 3306 543 3362; x_wconf 88' lang='lat' dir='ltr'><strong>Danubium</strong></span> <span class='ocrx_word' id='word_1_514' title='bbox 555 3304 584 3359; x_wconf 94' lang='lat' dir='ltr'><strong>in</strong></span> <span class='ocrx_word' id='word_1_515' title='bbox 595 3304 740 3359; x_wconf 84' lang='lat' dir='ltr'><strong>Romanas</strong></span> <span class='ocrx_word' id='word_1_516' title='bbox 755 3302 940 3374; x_wconf 79' lang='lat' dir='ltr'><strong>terrastraje</strong></span> <span class='ocrx_word' id='word_1_517' title='bbox 994 3301 1053 3358; x_wconf 84' lang='lat' dir='ltr'><strong>Sed</strong></span> <span class='ocrx_word' id='word_1_518' title='bbox 1065 3302 1102 3357; x_wconf 86' lang='lat' dir='ltr'><strong>ad</strong></span> <span class='ocrx_word' id='word_1_519' title='bbox 1127 3318 1232 3358; x_wconf 83' lang='lat' dir='ltr'><strong>novam</strong></span> <span class='ocrx_word' id='word_1_520' title='bbox 1246 3301 1334 3374; x_wconf 83' lang='lat' dir='ltr'><strong>ipsius</strong></span> <span class='ocrx_word' id='word_1_521' title='bbox 1353 3302 1634 3359; x_wconf 83' lang='lat' dir='ltr'><strong>animadversionem</strong></span> <span class='ocrx_word' id='word_1_522' title='bbox 1652 3303 1718 3375; x_wconf 89' lang='lat' dir='ltr'><strong>jam</strong></span> <span class='ocrx_word' id='word_1_523' title='bbox 1739 3317 1821 3359; x_wconf 88' lang='lat' dir='ltr'><strong>acce·</strong></span> <span class='ocrx_word' id='word_1_524' title='bbox 1876 3336 1881 3345; x_wconf 88' lang='lat'><em>·</em></span> 
     </span>
     <span class='ocr_line' id='line_1_42' title="bbox 111 3372 1108 3448; baseline -0.006 -15"><span class='ocrx_word' id='word_1_525' title='bbox 111 3380 186 3441; x_wconf 89' lang='lat' dir='ltr'><strong>ctas,</strong></span> <span class='ocrx_word' id='word_1_526' title='bbox 198 3389 256 3431; x_wconf 93' lang='lat' dir='ltr'><strong>non</strong></span> <span class='ocrx_word' id='word_1_527' title='bbox 267 3375 354 3432; x_wconf 85' lang='lat' dir='ltr'><strong>luisse</strong></span> <span class='ocrx_word' id='word_1_528' title='bbox 365 3376 504 3448; x_wconf 85' lang='lat' dir='ltr'><strong>linguam,</strong></span> <span class='ocrx_word' id='word_1_529' title='bbox 515 3393 572 3448; x_wconf 88' lang='lat' dir='ltr'><strong>qua</strong></span> <span class='ocrx_word' id='word_1_530' title='bbox 601 3379 677 3431; x_wconf 90' lang='lat' dir='ltr'><strong>osset</strong></span> <span class='ocrx_word' id='word_1_531' title='bbox 685 3372 753 3445; x_wconf 91' lang='lat' dir='ltr'><strong>ipsis</strong></span> <span class='ocrx_word' id='word_1_532' title='bbox 761 3372 861 3444; x_wconf 91' lang='lat' dir='ltr'><strong>religio</strong></span> <span class='ocrx_word' id='word_1_533' title='bbox 869 3389 940 3444; x_wconf 78' lang='lat' dir='ltr'><strong>pras·</strong></span> <span class='ocrx_word' id='word_1_534' title='bbox 993 3373 1108 3428; x_wconf 90' lang='lat' dir='ltr'><strong>damus.</strong></span> 
     </span>
     <span class='ocr_line' id='line_1_43' title="bbox 111 3393 1821 3529; baseline -0.003 -27"><span class='ocrx_word' id='word_1_535' title='bbox 111 3445 214 3502; x_wconf 90' lang='lat' dir='ltr'><strong>dicari.</strong></span> <span class='ocrx_word' id='word_1_536' title='bbox 239 3446 313 3512; x_wconf 83' lang='lat' dir='ltr'><strong>Quid</strong></span> <span class='ocrx_word' id='word_1_537' title='bbox 338 3446 425 3529; x_wconf 90' lang='lat' dir='ltr'><strong>igitur</strong></span> <span class='ocrx_word' id='word_1_538' title='bbox 447 3447 470 3503; x_wconf 91' lang='lat' dir='ltr'><strong>si</strong></span> <span class='ocrx_word' id='word_1_539' title='bbox 496 3393 657 3503; x_wconf 55' lang='lat' dir='ltr'><strong>Danugium</strong></span> <span class='ocrx_word' id='word_1_540' title='bbox 673 3450 865 3507; x_wconf 85' lang='lat' dir='ltr'><strong>transeamus.</strong></span> <span class='ocrx_word' id='word_1_541' title='bbox 892 3442 939 3498; x_wconf 90' lang='lat' dir='ltr'><strong>ubi</strong></span> <span class='ocrx_word' id='word_1_542' title='bbox 1030 3443 1070 3499; x_wconf 91' lang='lat' dir='ltr'><strong>De</strong></span> <span class='ocrx_word' id='word_1_543' title='bbox 1084 3443 1246 3499; x_wconf 65' lang='lat' dir='ltr'><strong>idololotria</strong></span> <span class='ocrx_word' id='word_1_544' title='bbox 1260 3443 1330 3500; x_wconf 88' lang='lat' dir='ltr'><strong>nihil</strong></span> <span class='ocrx_word' id='word_1_545' title='bbox 1345 3448 1389 3500; x_wconf 88' lang='lat' dir='ltr'><strong>est</strong></span> <span class='ocrx_word' id='word_1_546' title='bbox 1405 3443 1450 3499; x_wconf 92' lang='lat' dir='ltr'><strong>hic</strong></span> <span class='ocrx_word' id='word_1_547' title='bbox 1470 3443 1636 3499; x_wconf 86' lang='lat' dir='ltr'><strong>addendum</strong></span> <span class='ocrx_word' id='word_1_548' title='bbox 1658 3441 1741 3497; x_wconf 87' lang='lat' dir='ltr'><strong>adea</strong></span> <span class='ocrx_word' id='word_1_549' title='bbox 1756 3457 1821 3513; x_wconf 75' lang='lat' dir='ltr'><strong>quaa</strong></span> 
     </span>
     <span class='ocr_line' id='line_1_44' title="bbox 111 3511 1822 3596; baseline -0.004 -22"><span class='ocrx_word' id='word_1_550' title='bbox 111 3517 219 3574; x_wconf 81' lang='lat' dir='ltr'><strong>llicetoe</strong></span> <span class='ocrx_word' id='word_1_551' title='bbox 230 3514 298 3573; x_wconf 91' lang='lat' dir='ltr'><strong>Daci</strong></span> <span class='ocrx_word' id='word_1_552' title='bbox 312 3518 557 3589; x_wconf 83' lang='lat' dir='ltr'><strong>episcopaliscuia</strong></span> <span class='ocrx_word' id='word_1_553' title='bbox 568 3517 652 3588; x_wconf 89' lang='lat' dir='ltr'><strong>longe</strong></span> <span class='ocrx_word' id='word_1_554' title='bbox 664 3516 779 3587; x_wconf 88' lang='lat' dir='ltr'><strong>lateque</strong></span> <span class='ocrx_word' id='word_1_555' title='bbox 789 3515 940 3586; x_wconf 89' lang='lat' dir='ltr'><strong>protende·</strong></span> <span class='ocrx_word' id='word_1_556' title='bbox 995 3513 1118 3569; x_wconf 84' lang='lat' dir='ltr'><strong>diximus</strong></span> <span class='ocrx_word' id='word_1_557' title='bbox 1132 3514 1169 3569; x_wconf 96' lang='lat' dir='ltr'><strong>ab</strong></span> <span class='ocrx_word' id='word_1_558' title='bbox 1184 3513 1265 3569; x_wconf 90' lang='lat' dir='ltr'><strong>initio</strong></span> <span class='ocrx_word' id='word_1_559' title='bbox 1280 3514 1366 3586; x_wconf 78' lang='lat' dir='ltr'><strong>bans</strong></span> <span class='ocrx_word' id='word_1_560' title='bbox 1384 3513 1495 3596; x_wconf 85' lang='lat' dir='ltr'><strong>capitis,</strong></span> <span class='ocrx_word' id='word_1_561' title='bbox 1512 3513 1559 3569; x_wconf 88' lang='lat' dir='ltr'><strong>ubi</strong></span> <span class='ocrx_word' id='word_1_562' title='bbox 1580 3511 1759 3569; x_wconf 88' lang='lat' dir='ltr'><strong>ostendimus</strong></span> <span class='ocrx_word' id='word_1_563' title='bbox 1774 3511 1822 3568; x_wconf 88' lang='lat' dir='ltr'><strong>ha·</strong></span> 
     </span>
     <span class='ocr_line' id='line_1_45' title="bbox 112 3582 1823 3669; baseline -0.003 -26"><span class='ocrx_word' id='word_1_564' title='bbox 112 3588 208 3656; x_wconf 85' lang='lat' dir='ltr'><strong>batur,</strong></span> <span class='ocrx_word' id='word_1_565' title='bbox 224 3586 312 3643; x_wconf 87' lang='lat' dir='ltr'><strong>etiam</strong></span> <span class='ocrx_word' id='word_1_566' title='bbox 334 3604 385 3660; x_wconf 89' lang='lat' dir='ltr'><strong>per</strong></span> <span class='ocrx_word' id='word_1_567' title='bbox 403 3605 451 3644; x_wconf 88' lang='lat' dir='ltr'><strong>aas</strong></span> <span class='ocrx_word' id='word_1_568' title='bbox 475 3589 511 3644; x_wconf 88' lang='lat' dir='ltr'><strong>ad</strong></span> <span class='ocrx_word' id='word_1_569' title='bbox 530 3589 651 3644; x_wconf 92' lang='lat' dir='ltr'><strong>Doream</strong></span> <span class='ocrx_word' id='word_1_570' title='bbox 672 3587 860 3669; x_wconf 76' lang='lat' dir='ltr'><strong>Riphaeaque</strong></span> <span class='ocrx_word' id='word_1_571' title='bbox 875 3600 940 3640; x_wconf 91' lang='lat' dir='ltr'><strong>oras</strong></span> <span class='ocrx_word' id='word_1_572' title='bbox 996 3583 1089 3641; x_wconf 88' lang='lat' dir='ltr'><strong>baisse</strong></span> <span class='ocrx_word' id='word_1_573' title='bbox 1100 3584 1195 3654; x_wconf 87' lang='lat' dir='ltr'><strong>reipsa</strong></span> <span class='ocrx_word' id='word_1_574' title='bbox 1209 3584 1403 3654; x_wconf 74' lang='lat' dir='ltr'><strong>Aquileienses</strong></span> <span class='ocrx_word' id='word_1_575' title='bbox 1418 3600 1494 3655; x_wconf 87' lang='lat' dir='ltr'><strong>ipsos</strong></span> <span class='ocrx_word' id='word_1_576' title='bbox 1508 3584 1645 3654; x_wconf 76' lang='lat' dir='ltr'><strong>praesules</strong></span> <span class='ocrx_word' id='word_1_577' title='bbox 1658 3597 1709 3638; x_wconf 89' lang='lat' dir='ltr'><strong>cur</strong></span> <span class='ocrx_word' id='word_1_578' title='bbox 1723 3582 1823 3640; x_wconf 86' lang='lat' dir='ltr'><strong>adrer-</strong></span> 
     </span>
     <span class='ocr_line' id='line_1_46' title="bbox 112 3650 1824 3730; baseline -0.003 -16"><span class='ocrx_word' id='word_1_579' title='bbox 112 3657 256 3729; x_wconf 82' lang='lat' dir='ltr'><strong>regiones.</strong></span> <span class='ocrx_word' id='word_1_580' title='bbox 268 3675 325 3730; x_wconf 94' lang='lat' dir='ltr'><strong>quo</strong></span> <span class='ocrx_word' id='word_1_581' title='bbox 340 3675 488 3730; x_wconf 84' lang='lat' dir='ltr'><strong>nunquam</strong></span> <span class='ocrx_word' id='word_1_582' title='bbox 502 3660 700 3715; x_wconf 87' lang='lat' dir='ltr'><strong>Romanorum</strong></span> <span class='ocrx_word' id='word_1_583' title='bbox 715 3657 836 3728; x_wconf 85' lang='lat' dir='ltr'><strong>vestigia</strong></span> <span class='ocrx_word' id='word_1_584' title='bbox 846 3671 940 3728; x_wconf 86' lang='lat' dir='ltr'><strong>perie-</strong></span> <span class='ocrx_word' id='word_1_585' title='bbox 994 3672 1042 3710; x_wconf 91' lang='lat' dir='ltr'><strong>sus</strong></span> <span class='ocrx_word' id='word_1_586' title='bbox 1057 3653 1227 3710; x_wconf 80' lang='lat' dir='ltr'><strong>idololatriae</strong></span> <span class='ocrx_word' id='word_1_587' title='bbox 1235 3653 1370 3726; x_wconf 88' lang='lat' dir='ltr'><strong>reliquias</strong></span> <span class='ocrx_word' id='word_1_588' title='bbox 1380 3654 1467 3709; x_wconf 87' lang='lat' dir='ltr'><strong>etiam</strong></span> <span class='ocrx_word' id='word_1_589' title='bbox 1479 3653 1580 3724; x_wconf 91' lang='lat' dir='ltr'><strong>quinto</strong></span> <span class='ocrx_word' id='word_1_590' title='bbox 1591 3650 1696 3709; x_wconf 81' lang='lat' dir='ltr'><strong>saeculo</strong></span> <span class='ocrx_word' id='word_1_591' title='bbox 1704 3652 1824 3709; x_wconf 87' lang='lat' dir='ltr'><strong>dimica·</strong></span> 
     </span>
     <span class='ocr_line' id='line_1_47' title="bbox 111 3724 1822 3803; baseline -0.002 -19"><span class='ocrx_word' id='word_1_592' title='bbox 111 3732 232 3794; x_wconf 87' lang='lat' dir='ltr'><strong>nerant;</strong></span> <span class='ocrx_word' id='word_1_593' title='bbox 248 3734 278 3784; x_wconf 86' lang='lat' dir='ltr'><strong>et</strong></span> <span class='ocrx_word' id='word_1_594' title='bbox 292 3729 339 3785; x_wconf 92' lang='lat' dir='ltr'><strong>ubi</strong></span> <span class='ocrx_word' id='word_1_595' title='bbox 363 3731 555 3786; x_wconf 84' lang='lat' dir='ltr'><strong>Barbarorum</strong></span> <span class='ocrx_word' id='word_1_596' title='bbox 577 3734 686 3803; x_wconf 86' lang='lat' dir='ltr'><strong>gentes,</strong></span> <span class='ocrx_word' id='word_1_597' title='bbox 712 3728 800 3785; x_wconf 91' lang='lat' dir='ltr'><strong>etiam</strong></span> <span class='ocrx_word' id='word_1_598' title='bbox 824 3742 888 3798; x_wconf 76' lang='lat' dir='ltr'><strong>qum</strong></span> <span class='ocrx_word' id='word_1_599' title='bbox 902 3727 939 3782; x_wconf 89' lang='lat' dir='ltr'><strong>ad</strong></span> <span class='ocrx_word' id='word_1_600' title='bbox 993 3731 1067 3781; x_wconf 85' lang='lat' dir='ltr'><strong>rent.</strong></span> <span class='ocrx_word' id='word_1_601' title='bbox 1083 3724 1157 3790; x_wconf 85' lang='lat' dir='ltr'><strong>Ouid</strong></span> <span class='ocrx_word' id='word_1_602' title='bbox 1172 3739 1248 3778; x_wconf 90' lang='lat' dir='ltr'><strong>nunc</strong></span> <span class='ocrx_word' id='word_1_603' title='bbox 1267 3724 1303 3780; x_wconf 90' lang='lat' dir='ltr'><strong>de</strong></span> <span class='ocrx_word' id='word_1_604' title='bbox 1321 3724 1477 3781; x_wconf 83' lang='lat' dir='ltr'><strong>haeresibus</strong></span> <span class='ocrx_word' id='word_1_605' title='bbox 1495 3724 1677 3788; x_wconf 64' lang='lat' dir='ltr'><strong>Asianorum.</strong></span> <span class='ocrx_word' id='word_1_606' title='bbox 1702 3724 1822 3780; x_wconf 84' lang='lat' dir='ltr'><strong>Marcio·</strong></span> 
     </span>
     <span class='ocr_line' id='line_1_48' title="bbox 109 3794 1825 3872; baseline -0.003 -16"><span class='ocrx_word' id='word_1_607' title='bbox 109 3800 217 3856; x_wconf 78' lang='lat' dir='ltr'><strong>laevam</strong></span> <span class='ocrx_word' id='word_1_608' title='bbox 230 3799 352 3856; x_wconf 88' lang='lat' dir='ltr'><strong>Danubii</strong></span> <span class='ocrx_word' id='word_1_609' title='bbox 367 3800 459 3872; x_wconf 89' lang='lat' dir='ltr'><strong>ripam</strong></span> <span class='ocrx_word' id='word_1_610' title='bbox 471 3800 636 3867; x_wconf 72' lang='lat' dir='ltr'><strong>allicerent,</strong></span> <span class='ocrx_word' id='word_1_611' title='bbox 656 3799 687 3855; x_wconf 93' lang='lat' dir='ltr'><strong>in</strong></span> <span class='ocrx_word' id='word_1_612' title='bbox 700 3797 814 3871; x_wconf 89' lang='lat' dir='ltr'><strong>proprio</strong></span> <span class='ocrx_word' id='word_1_613' title='bbox 824 3796 895 3863; x_wconf 90' lang='lat' dir='ltr'><strong>solo,</strong></span> <span class='ocrx_word' id='word_1_614' title='bbox 912 3802 941 3853; x_wconf 88' lang='lat' dir='ltr'><strong>et</strong></span> <span class='ocrx_word' id='word_1_615' title='bbox 993 3796 1133 3859; x_wconf 79' lang='lat' dir='ltr'><strong>sitorum,</strong></span> <span class='ocrx_word' id='word_1_616' title='bbox 1161 3794 1364 3868; x_wconf 70' lang='lat' dir='ltr'><strong>Caraptiqpam</strong></span> <span class='ocrx_word' id='word_1_617' title='bbox 1384 3800 1413 3852; x_wconf 88' lang='lat' dir='ltr'><strong>et</strong></span> <span class='ocrx_word' id='word_1_618' title='bbox 1435 3794 1678 3852; x_wconf 73' lang='lat' dir='ltr'><strong>Maiiiebceoram‘l</strong></span> <span class='ocrx_word' id='word_1_619' title='bbox 1698 3795 1825 3851; x_wconf 81' lang='lat' dir='ltr'><strong>breuiter</strong></span> 
     </span>
     <span class='ocr_line' id='line_1_49' title="bbox 110 3865 1824 3943; baseline -0.003 -16"><span class='ocrx_word' id='word_1_620' title='bbox 110 3887 129 3927; x_wconf 87' lang='lat' dir='ltr'><strong>a</strong></span> <span class='ocrx_word' id='word_1_621' title='bbox 147 3872 347 3927; x_wconf 84' lang='lat' dir='ltr'><strong>Romanarum</strong></span> <span class='ocrx_word' id='word_1_622' title='bbox 361 3871 495 3928; x_wconf 90' lang='lat' dir='ltr'><strong>societate</strong></span> <span class='ocrx_word' id='word_1_623' title='bbox 507 3872 643 3943; x_wconf 83' lang='lat' dir='ltr'><strong>sejunctis</strong></span> <span class='ocrx_word' id='word_1_624' title='bbox 654 3869 769 3943; x_wconf 87' lang='lat' dir='ltr'><strong>jamdiu</strong></span> <span class='ocrx_word' id='word_1_625' title='bbox 788 3883 940 3941; x_wconf 90' lang='lat' dir='ltr'><strong>permane·</strong></span> <span class='ocrx_word' id='word_1_626' title='bbox 994 3865 1505 3938; x_wconf 84' lang='lat' dir='ltr'><strong>animadvertamusoportet,nullam</strong></span> <span class='ocrx_word' id='word_1_627' title='bbox 1516 3866 1725 3938; x_wconf 87' lang='lat' dir='ltr'><strong>propemodum</strong></span> <span class='ocrx_word' id='word_1_628' title='bbox 1737 3866 1824 3923; x_wconf 84' lang='lat' dir='ltr'><strong>luisse</strong></span> 
     </span>
     <span class='ocr_line' id='line_1_50' title="bbox 110 3937 1825 4014; baseline -0.004 -17"><span class='ocrx_word' id='word_1_629' title='bbox 110 3940 204 3998; x_wconf 81' lang='lat' dir='ltr'><strong>bant?</strong></span> <span class='ocrx_word' id='word_1_630' title='bbox 216 3942 272 3998; x_wconf 90' lang='lat' dir='ltr'><strong>Sed</strong></span> <span class='ocrx_word' id='word_1_631' title='bbox 286 3940 332 3998; x_wconf 89' lang='lat' dir='ltr'><strong>hic</strong></span> <span class='ocrx_word' id='word_1_632' title='bbox 342 3943 379 3997; x_wconf 92' lang='lat' dir='ltr'><strong>ad</strong></span> <span class='ocrx_word' id='word_1_633' title='bbox 392 3942 497 4014; x_wconf 78' lang='lat' dir='ltr'><strong>lingum</strong></span> <span class='ocrx_word' id='word_1_634' title='bbox 511 3943 599 3999; x_wconf 88' lang='lat' dir='ltr'><strong>eliam</strong></span> <span class='ocrx_word' id='word_1_635' title='bbox 614 3941 721 3998; x_wconf 75' lang='lat' dir='ltr'><strong>Latinae</strong></span> <span class='ocrx_word' id='word_1_636' title='bbox 735 3940 828 3996; x_wconf 87' lang='lat' dir='ltr'><strong>latum</strong></span> <span class='ocrx_word' id='word_1_637' title='bbox 842 3938 940 3995; x_wconf 91' lang='lat' dir='ltr'><strong>oculos</strong></span> <span class='ocrx_word' id='word_1_638' title='bbox 993 3937 1322 4008; x_wconf 82' lang='lat' dir='ltr'><strong>baeresimcontraquam</strong></span> <span class='ocrx_word' id='word_1_639' title='bbox 1329 3937 1825 4009; x_wconf 75' lang='lat' dir='ltr'><strong>Aquileiensisepiscopuseatemps·</strong></span> 
     </span>
     <span class='ocr_line' id='line_1_51' title="bbox 109 4004 1824 4084; baseline -0.006 -14"><span class='ocrx_word' id='word_1_640' title='bbox 109 4016 315 4070; x_wconf 81' lang='lat' dir='ltr'><strong>convertamus</strong></span> <span class='ocrx_word' id='word_1_641' title='bbox 329 4018 451 4084; x_wconf 87' lang='lat' dir='ltr'><strong>oportet,</strong></span> <span class='ocrx_word' id='word_1_642' title='bbox 468 4016 620 4084; x_wconf 86' lang='lat' dir='ltr'><strong>postquam</strong></span> <span class='ocrx_word' id='word_1_643' title='bbox 643 4012 837 4067; x_wconf 78' lang='lat' dir='ltr'><strong>barbarorum</strong></span> <span class='ocrx_word' id='word_1_644' title='bbox 851 4008 940 4081; x_wconf 78' lang='lat' dir='ltr'><strong>copisa</strong></span> <span class='ocrx_word' id='word_1_645' title='bbox 994 4011 1069 4063; x_wconf 88' lang='lat' dir='ltr'><strong>state</strong></span> <span class='ocrx_word' id='word_1_646' title='bbox 1078 4021 1136 4062; x_wconf 92' lang='lat' dir='ltr'><strong>non</strong></span> <span class='ocrx_word' id='word_1_647' title='bbox 1147 4006 1276 4063; x_wconf 89' lang='lat' dir='ltr'><strong>debuerit</strong></span> <span class='ocrx_word' id='word_1_648' title='bbox 1286 4007 1383 4063; x_wconf 81' lang='lat' dir='ltr'><strong>fideles</strong></span> <span class='ocrx_word' id='word_1_649' title='bbox 1393 4023 1459 4062; x_wconf 90' lang='lat' dir='ltr'><strong>suos</strong></span> <span class='ocrx_word' id='word_1_650' title='bbox 1469 4007 1658 4071; x_wconf 86' lang='lat' dir='ltr'><strong>communire,</strong></span> <span class='ocrx_word' id='word_1_651' title='bbox 1670 4006 1728 4061; x_wconf 79' lang='lat' dir='ltr'><strong>sive</strong></span> <span class='ocrx_word' id='word_1_652' title='bbox 1738 4004 1824 4075; x_wconf 77' lang='lat' dir='ltr'><strong>Aqui·</strong></span> 
     </span>
     <span class='ocr_line' id='line_1_52' title="bbox 110 4076 1823 4162; baseline -0.007 -21"><span class='ocrx_word' id='word_1_653' title='bbox 110 4082 606 4154; x_wconf 79' lang='lat' dir='ltr'><strong>e&#39;l‘ransdanubianisregionibusin</strong></span> <span class='ocrx_word' id='word_1_654' title='bbox 615 4085 776 4140; x_wconf 84' lang='lat' dir='ltr'><strong>Romanum</strong></span> <span class='ocrx_word' id='word_1_655' title='bbox 787 4079 939 4162; x_wconf 88' lang='lat' dir='ltr'><strong>imperium</strong></span> <span class='ocrx_word' id='word_1_656' title='bbox 994 4077 1057 4134; x_wconf 80' lang='lat' dir='ltr'><strong>lciae</strong></span> <span class='ocrx_word' id='word_1_657' title='bbox 1071 4078 1192 4144; x_wconf 88' lang='lat' dir='ltr'><strong>sederet,</strong></span> <span class='ocrx_word' id='word_1_658' title='bbox 1207 4078 1267 4133; x_wconf 85' lang='lat' dir='ltr'><strong>sire</strong></span> <span class='ocrx_word' id='word_1_659' title='bbox 1281 4077 1349 4133; x_wconf 91' lang='lat' dir='ltr'><strong>alibi</strong></span> <span class='ocrx_word' id='word_1_660' title='bbox 1359 4077 1388 4132; x_wconf 96' lang='lat' dir='ltr'><strong>in</strong></span> <span class='ocrx_word' id='word_1_661' title='bbox 1404 4076 1519 4134; x_wconf 87' lang='lat' dir='ltr'><strong>dioecesi</strong></span> <span class='ocrx_word' id='word_1_662' title='bbox 1531 4093 1593 4146; x_wconf 90' lang='lat' dir='ltr'><strong>sua,</strong></span> <span class='ocrx_word' id='word_1_663' title='bbox 1610 4081 1641 4133; x_wconf 87' lang='lat' dir='ltr'><strong>et</strong></span> <span class='ocrx_word' id='word_1_664' title='bbox 1655 4077 1693 4132; x_wconf 87' lang='lat' dir='ltr'><strong>ad</strong></span> <span class='ocrx_word' id='word_1_665' title='bbox 1707 4079 1823 4146; x_wconf 91' lang='lat' dir='ltr'><strong>portum</strong></span> 
     </span>
     <span class='ocr_line' id='line_1_53' title="bbox 111 4145 1822 4225; baseline -0.005 -14"><span class='ocrx_word' id='word_1_666' title='bbox 111 4156 241 4225; x_wconf 86' lang='lat' dir='ltr'><strong>undique</strong></span> <span class='ocrx_word' id='word_1_667' title='bbox 256 4154 407 4224; x_wconf 86' lang='lat' dir='ltr'><strong>irruentes,</strong></span> <span class='ocrx_word' id='word_1_668' title='bbox 422 4153 499 4211; x_wconf 89' lang='lat' dir='ltr'><strong>orbis</strong></span> <span class='ocrx_word' id='word_1_669' title='bbox 519 4158 661 4211; x_wconf 88' lang='lat' dir='ltr'><strong>terrarum</strong></span> <span class='ocrx_word' id='word_1_670' title='bbox 674 4152 777 4208; x_wconf 81' lang='lat' dir='ltr'><strong>faciem</strong></span> <span class='ocrx_word' id='word_1_671' title='bbox 792 4153 892 4221; x_wconf 90' lang='lat' dir='ltr'><strong>quinto</strong></span> <span class='ocrx_word' id='word_1_672' title='bbox 907 4166 940 4205; x_wconf 91' lang='lat' dir='ltr'><strong>ac</strong></span> <span class='ocrx_word' id='word_1_673' title='bbox 994 4148 1082 4205; x_wconf 90' lang='lat' dir='ltr'><strong>etiam</strong></span> <span class='ocrx_word' id='word_1_674' title='bbox 1098 4148 1284 4204; x_wconf 85' lang='lat' dir='ltr'><strong>Romatinum</strong></span> <span class='ocrx_word' id='word_1_675' title='bbox 1301 4163 1357 4203; x_wconf 93' lang='lat' dir='ltr'><strong>non</strong></span> <span class='ocrx_word' id='word_1_676' title='bbox 1380 4147 1468 4204; x_wconf 90' lang='lat' dir='ltr'><strong>semel</strong></span> <span class='ocrx_word' id='word_1_677' title='bbox 1488 4146 1616 4203; x_wconf 79' lang='lat' dir='ltr'><strong>evenisse</strong></span> <span class='ocrx_word' id='word_1_678' title='bbox 1632 4145 1822 4213; x_wconf 80' lang='lat' dir='ltr'><strong>arbitramur3</strong></span> 
     </span>
     <span class='ocr_line' id='line_1_54' title="bbox 111 4215 1823 4304; baseline -0.005 -22"><span class='ocrx_word' id='word_1_679' title='bbox 111 4229 196 4282; x_wconf 83' lang='lat' dir='ltr'><strong>sexto</strong></span> <span class='ocrx_word' id='word_1_680' title='bbox 208 4226 309 4281; x_wconf 79' lang='lat' dir='ltr'><strong>secuto</strong></span> <span class='ocrx_word' id='word_1_681' title='bbox 323 4227 524 4282; x_wconf 89' lang='lat' dir='ltr'><strong>immutarunt.</strong></span> <span class='ocrx_word' id='word_1_682' title='bbox 540 4227 703 4281; x_wconf 86' lang='lat' dir='ltr'><strong>Romanum</strong></span> <span class='ocrx_word' id='word_1_683' title='bbox 719 4222 817 4278; x_wconf 89' lang='lat' dir='ltr'><strong>orbem</strong></span> <span class='ocrx_word' id='word_1_684' title='bbox 829 4220 939 4304; x_wconf 86' lang='lat' dir='ltr'><strong>procul·</strong></span> <span class='ocrx_word' id='word_1_685' title='bbox 994 4236 1060 4275; x_wconf 91' lang='lat' dir='ltr'><strong>cum</strong></span> <span class='ocrx_word' id='word_1_686' title='bbox 1070 4224 1170 4275; x_wconf 91' lang='lat' dir='ltr'><strong>notum</strong></span> <span class='ocrx_word' id='word_1_687' title='bbox 1181 4217 1395 4285; x_wconf 87' lang='lat' dir='ltr'><strong>sitexhistoria‚</strong></span> <span class='ocrx_word' id='word_1_688' title='bbox 1407 4222 1586 4289; x_wconf 86' lang='lat' dir='ltr'><strong>eotemporc‚</strong></span> <span class='ocrx_word' id='word_1_689' title='bbox 1595 4234 1627 4273; x_wconf 92' lang='lat' dir='ltr'><strong>ac</strong></span> <span class='ocrx_word' id='word_1_690' title='bbox 1637 4215 1823 4274; x_wconf 88' lang='lat' dir='ltr'><strong>multoetiam</strong></span> 
     </span>
     <span class='ocr_line' id='line_1_55' title="bbox 112 4288 1823 4367; baseline -0.004 -16"><span class='ocrx_word' id='word_1_691' title='bbox 112 4295 203 4351; x_wconf 93' lang='lat' dir='ltr'><strong>dnbio</strong></span> <span class='ocrx_word' id='word_1_692' title='bbox 216 4300 315 4367; x_wconf 83' lang='lat' dir='ltr'><strong>gentes</strong></span> <span class='ocrx_word' id='word_1_693' title='bbox 324 4296 378 4352; x_wconf 82' lang='lat' dir='ltr'><strong>illie</strong></span> <span class='ocrx_word' id='word_1_694' title='bbox 389 4298 435 4352; x_wconf 93' lang='lat' dir='ltr'><strong>ubi</strong></span> <span class='ocrx_word' id='word_1_695' title='bbox 459 4313 492 4354; x_wconf 90' lang='lat' dir='ltr'><strong>ue</strong></span> <span class='ocrx_word' id='word_1_696' title='bbox 501 4297 683 4362; x_wconf 85' lang='lat' dir='ltr'><strong>invenerunt,</strong></span> <span class='ocrx_word' id='word_1_697' title='bbox 695 4292 857 4349; x_wconf 77' lang='lat' dir='ltr'><strong>maximam</strong></span> <span class='ocrx_word' id='word_1_698' title='bbox 869 4291 940 4348; x_wconf 90' lang='lat' dir='ltr'><strong>occi·</strong></span> <span class='ocrx_word' id='word_1_699' title='bbox 995 4295 1072 4357; x_wconf 87' lang='lat' dir='ltr'><strong>ante,</strong></span> <span class='ocrx_word' id='word_1_700' title='bbox 1084 4307 1118 4347; x_wconf 87' lang='lat' dir='ltr'><strong>eii</strong></span> <span class='ocrx_word' id='word_1_701' title='bbox 1128 4293 1189 4345; x_wconf 91' lang='lat' dir='ltr'><strong>toto</strong></span> <span class='ocrx_word' id='word_1_702' title='bbox 1200 4289 1325 4353; x_wconf 84' lang='lat' dir='ltr'><strong>Oriente,</strong></span> <span class='ocrx_word' id='word_1_703' title='bbox 1337 4306 1372 4346; x_wconf 83' lang='lat' dir='ltr'><strong>ex</strong></span> <span class='ocrx_word' id='word_1_704' title='bbox 1382 4288 1647 4348; x_wconf 82' lang='lat' dir='ltr'><strong>Groeeianlmlrum.</strong></span> <span class='ocrx_word' id='word_1_705' title='bbox 1659 4305 1694 4345; x_wconf 92' lang='lat' dir='ltr'><strong>cii</strong></span> <span class='ocrx_word' id='word_1_706' title='bbox 1702 4289 1778 4353; x_wconf 76' lang='lat' dir='ltr'><strong>Asia,</strong></span> <span class='ocrx_word' id='word_1_707' title='bbox 1789 4304 1823 4345; x_wconf 83' lang='lat' dir='ltr'><strong>ex</strong></span> 
     </span>
     <span class='ocr_line' id='line_1_56' title="bbox 111 4314 1823 4447; baseline -0.004 -24"><span class='ocrx_word' id='word_1_708' title='bbox 111 4366 179 4423; x_wconf 90' lang='lat' dir='ltr'><strong>duis</strong></span> <span class='ocrx_word' id='word_1_709' title='bbox 188 4366 326 4438; x_wconf 84' lang='lat' dir='ltr'><strong>partibus,</strong></span> <span class='ocrx_word' id='word_1_710' title='bbox 336 4314 619 4441; x_wconf 55' lang='lat' dir='ltr'><strong>Latineioquentem.</strong></span> <span class='ocrx_word' id='word_1_711' title='bbox 630 4366 659 4422; x_wconf 94' lang='lat' dir='ltr'><strong>Si</strong></span> <span class='ocrx_word' id='word_1_712' title='bbox 672 4381 756 4436; x_wconf 91' lang='lat' dir='ltr'><strong>porro</strong></span> <span class='ocrx_word' id='word_1_713' title='bbox 766 4368 866 4447; x_wconf 86' lang='lat' dir='ltr'><strong>gentes</strong></span> <span class='ocrx_word' id='word_1_714' title='bbox 877 4363 940 4419; x_wconf 86' lang='lat' dir='ltr'><strong>illua</strong></span> <span class='ocrx_word' id='word_1_715' title='bbox 995 4361 1087 4417; x_wconf 89' lang='lat' dir='ltr'><strong>Ponto</strong></span> <span class='ocrx_word' id='word_1_716' title='bbox 1102 4361 1222 4426; x_wconf 82' lang='lat' dir='ltr'><strong>Euxino,</strong></span> <span class='ocrx_word' id='word_1_717' title='bbox 1240 4376 1275 4417; x_wconf 84' lang='lat' dir='ltr'><strong>ex</strong></span> <span class='ocrx_word' id='word_1_718' title='bbox 1289 4363 1421 4434; x_wconf 68' lang='lat' dir='ltr'><strong>AEgyptm</strong></span> <span class='ocrx_word' id='word_1_719' title='bbox 1447 4376 1559 4416; x_wconf 91' lang='lat' dir='ltr'><strong>necnon</strong></span> <span class='ocrx_word' id='word_1_720' title='bbox 1575 4377 1610 4417; x_wconf 92' lang='lat' dir='ltr'><strong>eii</strong></span> <span class='ocrx_word' id='word_1_721' title='bbox 1625 4359 1688 4417; x_wconf 89' lang='lat' dir='ltr'><strong>aliis</strong></span> <span class='ocrx_word' id='word_1_722' title='bbox 1710 4374 1823 4432; x_wconf 87' lang='lat' dir='ltr'><strong>qnoque</strong></span> 
     </span>
     <span class='ocr_line' id='line_1_57' title="bbox 131 4432 1824 4518; baseline -0.003 -25"><span class='ocrx_word' id='word_1_723' title='bbox 131 4453 257 4494; x_wconf 91' lang='lat' dir='ltr'><strong>onamus</strong></span> <span class='ocrx_word' id='word_1_724' title='bbox 268 4438 362 4494; x_wconf 88' lang='lat' dir='ltr'><strong>Latini</strong></span> <span class='ocrx_word' id='word_1_725' title='bbox 381 4440 523 4495; x_wconf 89' lang='lat' dir='ltr'><strong>sermonis</strong></span> <span class='ocrx_word' id='word_1_726' title='bbox 538 4455 596 4495; x_wconf 92' lang='lat' dir='ltr'><strong>non</strong></span> <span class='ocrx_word' id='word_1_727' title='bbox 611 4437 725 4509; x_wconf 88' lang='lat' dir='ltr'><strong>ignaras</strong></span> <span class='ocrx_word' id='word_1_728' title='bbox 741 4435 837 4506; x_wconf 85' lang='lat' dir='ltr'><strong>luisse,</strong></span> <span class='ocrx_word' id='word_1_729' title='bbox 853 4434 895 4490; x_wconf 92' lang='lat' dir='ltr'><strong>ita</strong></span> <span class='ocrx_word' id='word_1_730' title='bbox 910 4438 942 4490; x_wconf 89' lang='lat' dir='ltr'><strong>ut</strong></span> <span class='ocrx_word' id='word_1_731' title='bbox 956 4459 979 4518; x_wconf 71' lang='lat' dir='ltr'>D</span> <span class='ocrx_word' id='word_1_732' title='bbox 994 4432 1096 4488; x_wconf 88' lang='lat' dir='ltr'><strong>mundi</strong></span> <span class='ocrx_word' id='word_1_733' title='bbox 1112 4432 1250 4504; x_wconf 83' lang='lat' dir='ltr'><strong>partibus,</strong></span> <span class='ocrx_word' id='word_1_734' title='bbox 1265 4432 1430 4488; x_wconf 88' lang='lat' dir='ltr'><strong>commercii</strong></span> <span class='ocrx_word' id='word_1_735' title='bbox 1444 4447 1541 4498; x_wconf 88' lang='lat' dir='ltr'><strong>causa,</strong></span> <span class='ocrx_word' id='word_1_736' title='bbox 1556 4432 1702 4505; x_wconf 86' lang='lat' dir='ltr'><strong>cujuseum</strong></span> <span class='ocrx_word' id='word_1_737' title='bbox 1724 4448 1759 4488; x_wconf 91' lang='lat' dir='ltr'><strong>uc</strong></span> <span class='ocrx_word' id='word_1_738' title='bbox 1773 4444 1824 4488; x_wconf 87' lang='lat' dir='ltr'><strong>seu</strong></span> 
     </span>
     <span class='ocr_line' id='line_1_58' title="bbox 109 4456 1824 4582; baseline -0.004 -17"><span class='ocrx_word' id='word_1_739' title='bbox 109 4456 242 4566; x_wconf 50' lang='lat' dir='ltr'><strong>§lectam</strong></span> <span class='ocrx_word' id='word_1_740' title='bbox 257 4511 423 4581; x_wconf 89' lang='lat' dir='ltr'><strong>episcopum</strong></span> <span class='ocrx_word' id='word_1_741' title='bbox 442 4512 545 4582; x_wconf 87' lang='lat' dir='ltr'><strong>quarto</strong></span> <span class='ocrx_word' id='word_1_742' title='bbox 560 4514 588 4565; x_wconf 88' lang='lat' dir='ltr'><strong>et</strong></span> <span class='ocrx_word' id='word_1_743' title='bbox 624 4506 818 4564; x_wconf 82' lang='lat' dir='ltr'><strong>uintosaculo</strong></span> <span class='ocrx_word' id='word_1_744' title='bbox 840 4505 941 4561; x_wconf 88' lang='lat' dir='ltr'><strong>Latine</strong></span> <span class='ocrx_word' id='word_1_745' title='bbox 994 4502 1206 4575; x_wconf 86' lang='lat' dir='ltr'><strong>religionisseu</strong></span> <span class='ocrx_word' id='word_1_746' title='bbox 1221 4503 1326 4560; x_wconf 87' lang='lat' dir='ltr'><strong>erroris</strong></span> <span class='ocrx_word' id='word_1_747' title='bbox 1341 4503 1688 4560; x_wconf 85' lang='lat' dir='ltr'><strong>hominesadmaritimsa</strong></span> <span class='ocrx_word' id='word_1_748' title='bbox 1721 4501 1824 4559; x_wconf 84' lang='lat' dir='ltr'><strong>enetias</strong></span> 
     </span>
     <span class='ocr_line' id='line_1_59' title="bbox 109 4572 1822 4652; baseline -0.005 -15"><span class='ocrx_word' id='word_1_749' title='bbox 109 4579 244 4651; x_wconf 78' lang='lat' dir='ltr'><strong>caltaque</strong></span> <span class='ocrx_word' id='word_1_750' title='bbox 258 4579 423 4652; x_wconf 87' lang='lat' dir='ltr'><strong>loquentem</strong></span> <span class='ocrx_word' id='word_1_751' title='bbox 434 4581 579 4652; x_wconf 85' lang='lat' dir='ltr'><strong>potuerint</strong></span> <span class='ocrx_word' id='word_1_752' title='bbox 596 4597 613 4635; x_wconf 95' lang='lat' dir='ltr'><strong>u</strong></span> <span class='ocrx_word' id='word_1_753' title='bbox 635 4578 699 4650; x_wconf 87' lang='lat' dir='ltr'><strong>ique</strong></span> <span class='ocrx_word' id='word_1_754' title='bbox 718 4576 785 4633; x_wconf 90' lang='lat' dir='ltr'><strong>Daci</strong></span> <span class='ocrx_word' id='word_1_755' title='bbox 802 4593 835 4632; x_wconf 86' lang='lat' dir='ltr'><strong>ac</strong></span> <span class='ocrx_word' id='word_1_756' title='bbox 850 4576 939 4638; x_wconf 75' lang='lat' dir='ltr'><strong>Getas.</strong></span> <span class='ocrx_word' id='word_1_757' title='bbox 995 4590 1061 4631; x_wconf 85' lang='lat' dir='ltr'><strong>oras</strong></span> <span class='ocrx_word' id='word_1_758' title='bbox 1072 4574 1223 4646; x_wconf 84' lang='lat' dir='ltr'><strong>appulisse,</strong></span> <span class='ocrx_word' id='word_1_759' title='bbox 1240 4572 1458 4647; x_wconf 77' lang='lat' dir='ltr'><strong>Aquileiamque</strong></span> <span class='ocrx_word' id='word_1_760' title='bbox 1474 4575 1631 4647; x_wconf 81' lang='lat' dir='ltr'><strong>prasertim</strong></span> <span class='ocrx_word' id='word_1_761' title='bbox 1645 4572 1822 4646; x_wconf 73' lang='lat' dir='ltr'><strong>petiisseibi·</strong></span> 
     </span>
     <span class='ocr_line' id='line_1_60' title="bbox 109 4642 1824 4722; baseline -0.006 -14"><span class='ocrx_word' id='word_1_762' title='bbox 109 4649 193 4708; x_wconf 88' lang='lat' dir='ltr'><strong>Bessi</strong></span> <span class='ocrx_word' id='word_1_763' title='bbox 205 4666 239 4705; x_wconf 92' lang='lat' dir='ltr'><strong>ac</strong></span> <span class='ocrx_word' id='word_1_764' title='bbox 251 4652 363 4722; x_wconf 78' lang='lat' dir='ltr'><strong>Scythas</strong></span> <span class='ocrx_word' id='word_1_765' title='bbox 378 4652 407 4707; x_wconf 92' lang='lat' dir='ltr'><strong>ln</strong></span> <span class='ocrx_word' id='word_1_766' title='bbox 426 4651 485 4708; x_wconf 90' lang='lat' dir='ltr'><strong>suis</strong></span> <span class='ocrx_word' id='word_1_767' title='bbox 497 4651 658 4722; x_wconf 88' lang='lat' dir='ltr'><strong>regionibus</strong></span> <span class='ocrx_word' id='word_1_768' title='bbox 673 4647 842 4721; x_wconf 87' lang='lat' dir='ltr'><strong>intelligere,</strong></span> <span class='ocrx_word' id='word_1_769' title='bbox 859 4651 888 4703; x_wconf 91' lang='lat' dir='ltr'><strong>et</strong></span> <span class='ocrx_word' id='word_1_770' title='bbox 903 4647 941 4702; x_wconf 90' lang='lat' dir='ltr'><strong>ad</strong></span> <span class='ocrx_word' id='word_1_771' title='bbox 994 4662 1051 4718; x_wconf 93' lang='lat' dir='ltr'><strong>que</strong></span> <span class='ocrx_word' id='word_1_772' title='bbox 1065 4645 1220 4701; x_wconf 90' lang='lat' dir='ltr'><strong>incolatum</strong></span> <span class='ocrx_word' id='word_1_773' title='bbox 1230 4644 1318 4702; x_wconf 91' lang='lat' dir='ltr'><strong>etiam</strong></span> <span class='ocrx_word' id='word_1_774' title='bbox 1330 4646 1687 4717; x_wconf 88' lang='lat' dir='ltr'><strong>permanenterliahulsse,</strong></span> <span class='ocrx_word' id='word_1_775' title='bbox 1698 4642 1824 4701; x_wconf 81' lang='lat' dir='ltr'><strong>velutiin</strong></span> 
     </span>
     <span class='ocr_line' id='line_1_61' title="bbox 110 4712 1824 4794; baseline -0.006 -15"><span class='ocrx_word' id='word_1_776' title='bbox 110 4721 191 4779; x_wconf 89' lang='lat' dir='ltr'><strong>illius</strong></span> <span class='ocrx_word' id='word_1_777' title='bbox 205 4737 304 4778; x_wconf 84' lang='lat' dir='ltr'><strong>rocem</strong></span> <span class='ocrx_word' id='word_1_778' title='bbox 320 4722 500 4778; x_wconf 87' lang='lat' dir='ltr'><strong>barbaricini</strong></span> <span class='ocrx_word' id='word_1_779' title='bbox 522 4738 584 4778; x_wconf 90' lang='lat' dir='ltr'><strong>sam</strong></span> <span class='ocrx_word' id='word_1_780' title='bbox 597 4721 814 4794; x_wconf 90' lang='lat' dir='ltr'><strong>quodammodo</strong></span> <span class='ocrx_word' id='word_1_781' title='bbox 826 4734 939 4784; x_wconf 85' lang='lat' dir='ltr'><strong>exuare,</strong></span> <span class='ocrx_word' id='word_1_782' title='bbox 995 4718 1065 4773; x_wconf 90' lang='lat' dir='ltr'><strong>urbe</strong></span> <span class='ocrx_word' id='word_1_783' title='bbox 1080 4734 1142 4788; x_wconf 82' lang='lat' dir='ltr'><strong>qum</strong></span> <span class='ocrx_word' id='word_1_784' title='bbox 1155 4717 1317 4788; x_wconf 91' lang='lat' dir='ltr'><strong>emporium</strong></span> <span class='ocrx_word' id='word_1_785' title='bbox 1327 4722 1395 4789; x_wconf 88' lang='lat' dir='ltr'><strong>erat</strong></span> <span class='ocrx_word' id='word_1_786' title='bbox 1407 4716 1673 4788; x_wconf 86' lang='lat' dir='ltr'><strong>locupletissimum,</strong></span> <span class='ocrx_word' id='word_1_787' title='bbox 1689 4731 1723 4771; x_wconf 88' lang='lat' dir='ltr'><strong>ac</strong></span> <span class='ocrx_word' id='word_1_788' title='bbox 1737 4712 1824 4770; x_wconf 78' lang='lat' dir='ltr'><strong>veluti</strong></span> 
     </span>
     <span class='ocr_line' id='line_1_62' title="bbox 109 4740 1824 4866; baseline -0.007 -16"><span class='ocrx_word' id='word_1_789' title='bbox 109 4796 141 4850; x_wconf 92' lang='lat' dir='ltr'><strong>et</strong></span> <span class='ocrx_word' id='word_1_790' title='bbox 155 4793 193 4848; x_wconf 90' lang='lat' dir='ltr'><strong>ad</strong></span> <span class='ocrx_word' id='word_1_791' title='bbox 204 4809 277 4849; x_wconf 83' lang='lat' dir='ltr'><strong>verre</strong></span> <span class='ocrx_word' id='word_1_792' title='bbox 291 4792 435 4866; x_wconf 87' lang='lat' dir='ltr'><strong>religionis</strong></span> <span class='ocrx_word' id='word_1_793' title='bbox 448 4740 813 4866; x_wconf 51' lang='lat' dir='ltr'><strong>professionemacccdcrm</strong></span> <span class='ocrx_word' id='word_1_794' title='bbox 827 4788 940 4846; x_wconf 90' lang='lat' dir='ltr'><strong>curlin·</strong></span> <span class='ocrx_word' id='word_1_795' title='bbox 995 4791 1126 4844; x_wconf 90' lang='lat' dir='ltr'><strong>centrum</strong></span> <span class='ocrx_word' id='word_1_796' title='bbox 1142 4788 1256 4845; x_wconf 88' lang='lat' dir='ltr'><strong>unionis</strong></span> <span class='ocrx_word' id='word_1_797' title='bbox 1268 4787 1356 4845; x_wconf 88' lang='lat' dir='ltr'><strong>totius</strong></span> <span class='ocrx_word' id='word_1_798' title='bbox 1371 4788 1466 4854; x_wconf 90' lang='lat' dir='ltr'><strong>orbis;</strong></span> <span class='ocrx_word' id='word_1_799' title='bbox 1481 4786 1670 4843; x_wconf 87' lang='lat' dir='ltr'><strong>Occidentalis</strong></span> <span class='ocrx_word' id='word_1_800' title='bbox 1681 4799 1785 4854; x_wconf 88' lang='lat' dir='ltr'><strong>nempe</strong></span> <span class='ocrx_word' id='word_1_801' title='bbox 1795 4787 1824 4838; x_wconf 86' lang='lat' dir='ltr'><strong>et</strong></span> 
     </span>
     <span class='ocr_line' id='line_1_63' title="bbox 108 4857 1824 4978; baseline -0.006 -59"><span class='ocrx_word' id='word_1_802' title='bbox 108 4879 201 4936; x_wconf 91' lang='lat' dir='ltr'><strong>guam</strong></span> <span class='ocrx_word' id='word_1_803' title='bbox 217 4863 349 4919; x_wconf 87' lang='lat' dir='ltr'><strong>Latinam</strong></span> <span class='ocrx_word' id='word_1_804' title='bbox 363 4864 447 4935; x_wconf 88' lang='lat' dir='ltr'><strong>longe</strong></span> <span class='ocrx_word' id='word_1_805' title='bbox 462 4864 575 4935; x_wconf 91' lang='lat' dir='ltr'><strong>lateque</strong></span> <span class='ocrx_word' id='word_1_806' title='bbox 584 4863 613 4919; x_wconf 93' lang='lat' dir='ltr'><strong>in</strong></span> <span class='ocrx_word' id='word_1_807' title='bbox 628 4862 780 4919; x_wconf 88' lang='lat' dir='ltr'><strong>Occidente</strong></span> <span class='ocrx_word' id='word_1_808' title='bbox 788 4861 941 4917; x_wconf 88' lang='lat' dir='ltr'><strong>dominari·</strong></span> <span class='ocrx_word' id='word_1_809' title='bbox 995 4858 1335 4916; x_wconf 78' lang='lat' dir='ltr'><strong>Orientalismcrcaturae</strong></span> <span class='ocrx_word' id='word_1_810' title='bbox 1345 4857 1591 4930; x_wconf 80' lang='lat' dir='ltr'><strong>faciendaegratia.</strong></span> <span class='ocrx_word' id='word_1_811' title='bbox 1602 4857 1824 4978; x_wconf 51' lang='lat' dir='ltr'><strong>Adeatursuplei·</strong></span> 
     </span>
     <span class='ocr_line' id='line_1_64' title="bbox 109 4924 1824 4999; baseline -0.008 -10"><span class='ocrx_word' id='word_1_812' title='bbox 109 4941 184 4999; x_wconf 87' lang='lat' dir='ltr'><strong>tem,</strong></span> <span class='ocrx_word' id='word_1_813' title='bbox 201 4934 327 4991; x_wconf 84' lang='lat' dir='ltr'><strong>maxime</strong></span> <span class='ocrx_word' id='word_1_814' title='bbox 339 4952 405 4992; x_wconf 85' lang='lat' dir='ltr'><strong>iero</strong></span> <span class='ocrx_word' id='word_1_815' title='bbox 424 4934 453 4990; x_wconf 90' lang='lat' dir='ltr'><strong>in</strong></span> <span class='ocrx_word' id='word_1_816' title='bbox 468 4934 551 4991; x_wconf 90' lang='lat' dir='ltr'><strong>ltalia</strong></span> <span class='ocrx_word' id='word_1_817' title='bbox 566 4934 613 4990; x_wconf 91' lang='lat' dir='ltr'><strong>ubi</strong></span> <span class='ocrx_word' id='word_1_818' title='bbox 627 4933 723 4988; x_wconf 89' lang='lat' dir='ltr'><strong>natale</strong></span> <span class='ocrx_word' id='word_1_819' title='bbox 738 4931 830 4987; x_wconf 88' lang='lat' dir='ltr'><strong>solum</strong></span> <span class='ocrx_word' id='word_1_820' title='bbox 851 4949 884 4988; x_wconf 91' lang='lat' dir='ltr'><strong>ae</strong></span> <span class='ocrx_word' id='word_1_821' title='bbox 898 4946 941 4987; x_wconf 87' lang='lat' dir='ltr'><strong>se·</strong></span> <span class='ocrx_word' id='word_1_822' title='bbox 995 4930 1050 4986; x_wconf 90' lang='lat' dir='ltr'><strong>hae</strong></span> <span class='ocrx_word' id='word_1_823' title='bbox 1062 4946 1092 4986; x_wconf 91' lang='lat' dir='ltr'><strong>re</strong></span> <span class='ocrx_word' id='word_1_824' title='bbox 1104 4930 1280 4986; x_wconf 88' lang='lat' dir='ltr'><strong>clarissimus</strong></span> <span class='ocrx_word' id='word_1_825' title='bbox 1295 4929 1425 4993; x_wconf 77' lang='lat' dir='ltr'><strong>illimus,</strong></span> <span class='ocrx_word' id='word_1_826' title='bbox 1441 4928 1569 4984; x_wconf 72' lang='lat' dir='ltr'><strong>Memoria</strong></span> <span class='ocrx_word' id='word_1_827' title='bbox 1582 4925 1700 4982; x_wconf 69' lang='lat' dir='ltr'><strong>atoriebe</strong></span> <span class='ocrx_word' id='word_1_828' title='bbox 1713 4924 1755 4978; x_wconf 82' lang='lat' dir='ltr'><strong>der</strong></span> <span class='ocrx_word' id='word_1_829' title='bbox 1798 4939 1824 4977; x_wconf 88' lang='lat' dir='ltr'><strong>e·</strong></span> 
     </span>
    </p>
   </div>
   <div class='ocr_carea' id='block_1_3' title="bbox 107 4992 1824 5196">
    <p class='ocr_par' dir='ltr' id='par_1_3' title="bbox 107 4992 1824 5196">
     <span class='ocr_line' id='line_1_65' title="bbox 109 4992 1824 5129; baseline -0.008 -68"><span class='ocrx_word' id='word_1_830' title='bbox 109 5006 180 5061; x_wconf 91' lang='lat' dir='ltr'><strong>dem</strong></span> <span class='ocrx_word' id='word_1_831' title='bbox 201 5006 371 5077; x_wconf 76' lang='lat' dir='ltr'><strong>precipuam</strong></span> <span class='ocrx_word' id='word_1_832' title='bbox 391 5006 532 5072; x_wconf 89' lang='lat' dir='ltr'><strong>habebat;</strong></span> <span class='ocrx_word' id='word_1_833' title='bbox 543 5022 602 5068; x_wconf 85' lang='lat' dir='ltr'><strong>eur,</strong></span> <span class='ocrx_word' id='word_1_834' title='bbox 624 5004 752 5129; x_wconf 58' lang='lat' dir='ltr'><strong>lugeam,</strong></span> <span class='ocrx_word' id='word_1_835' title='bbox 766 5007 865 5074; x_wconf 89' lang='lat' dir='ltr'><strong>gentes</strong></span> <span class='ocrx_word' id='word_1_836' title='bbox 882 5001 939 5057; x_wconf 86' lang='lat' dir='ltr'><strong>illas</strong></span> <span class='ocrx_word' id='word_1_837' title='bbox 994 5002 1053 5057; x_wconf 80' lang='lat' dir='ltr'><strong>neti</strong></span> <span class='ocrx_word' id='word_1_838' title='bbox 1065 5003 1154 5072; x_wconf 84' lang='lat' dir='ltr'><strong>primi</strong></span> <span class='ocrx_word' id='word_1_839' title='bbox 1166 5000 1314 5064; x_wconf 80' lang='lat' dir='ltr'><strong>e&#39;seeoods‘,</strong></span> <span class='ocrx_word' id='word_1_840' title='bbox 1332 5000 1456 5063; x_wconf 87' lang='lat' dir='ltr'><strong>temeti,</strong></span> <span class='ocrx_word' id='word_1_841' title='bbox 1479 4997 1573 5069; x_wconf 90' lang='lat' dir='ltr'><strong>capite</strong></span> <span class='ocrx_word' id='word_1_842' title='bbox 1588 4996 1634 5078; x_wconf 62' lang='lat'><strong>²²)</strong></span> <span class='ocrx_word' id='word_1_843' title='bbox 1652 4994 1698 5067; x_wconf 92' lang='lat' dir='ltr'><strong>qui</strong></span> <span class='ocrx_word' id='word_1_844' title='bbox 1719 4994 1755 5050; x_wconf 91' lang='lat' dir='ltr'><strong>de</strong></span> <span class='ocrx_word' id='word_1_845' title='bbox 1769 4992 1824 5049; x_wconf 89' lang='lat' dir='ltr'><strong>lioc</strong></span> 
     </span>
     <span class='ocr_line' id='line_1_66' title="bbox 107 5069 1646 5196; baseline -0.008 -63"><span class='ocrx_word' id='word_1_846' title='bbox 107 5075 245 5133; x_wconf 87' lang='lat' dir='ltr'><strong>Latinam</strong></span> <span class='ocrx_word' id='word_1_847' title='bbox 257 5076 387 5150; x_wconf 89' lang='lat' dir='ltr'><strong>linguam</strong></span> <span class='ocrx_word' id='word_1_848' title='bbox 401 5077 532 5149; x_wconf 90' lang='lat' dir='ltr'><strong>protinus</strong></span> <span class='ocrx_word' id='word_1_849' title='bbox 547 5092 606 5132; x_wconf 90' lang='lat' dir='ltr'><strong>non</strong></span> <span class='ocrx_word' id='word_1_850' title='bbox 621 5075 648 5130; x_wconf 92' lang='lat' dir='ltr'><strong>di</strong></span> <span class='ocrx_word' id='word_1_851' title='bbox 672 5074 782 5129; x_wconf 89' lang='lat' dir='ltr'><strong>ieerunt</strong></span> <span class='ocrx_word' id='word_1_852' title='bbox 792 5089 799 5139; x_wconf 91' lang='lat'>;</span> <span class='ocrx_word' id='word_1_853' title='bbox 810 5088 860 5128; x_wconf 91' lang='lat' dir='ltr'><strong>cur</strong></span> <span class='ocrx_word' id='word_1_854' title='bbox 873 5088 939 5127; x_wconf 88' lang='lat' dir='ltr'><strong>eam</strong></span> <span class='ocrx_word' id='word_1_855' title='bbox 995 5076 1165 5196; x_wconf 56' lang='lat' dir='ltr'><strong>argumento</strong></span> <span class='ocrx_word' id='word_1_856' title='bbox 1179 5070 1289 5126; x_wconf 89' lang='lat' dir='ltr'><strong>erudite</strong></span> <span class='ocrx_word' id='word_1_857' title='bbox 1301 5069 1432 5125; x_wconf 89' lang='lat' dir='ltr'><strong>simulac</strong></span> <span class='ocrx_word' id='word_1_858' title='bbox 1448 5069 1561 5139; x_wconf 89' lang='lat' dir='ltr'><strong>copiose</strong></span> <span class='ocrx_word' id='word_1_859' title='bbox 1576 5070 1646 5149; x_wconf 85' lang='lat' dir='ltr'><strong>agit.</strong></span> 
     </span>
    </p>
   </div>
   <div class='ocr_carea' id='block_1_4' title="bbox 105 5132 1825 5778">
    <p class='ocr_par' dir='ltr' id='par_1_4' title="bbox 105 5132 1825 5778">
     <span class='ocr_line' id='line_1_67' title="bbox 108 5132 1823 5261; baseline -0.007 -59"><span class='ocrx_word' id='word_1_860' title='bbox 108 5147 208 5221; x_wconf 89' lang='lat' dir='ltr'><strong>potius</strong></span> <span class='ocrx_word' id='word_1_861' title='bbox 222 5147 326 5219; x_wconf 92' lang='lat' dir='ltr'><strong>ubique</strong></span> <span class='ocrx_word' id='word_1_862' title='bbox 342 5148 520 5205; x_wconf 87' lang='lat' dir='ltr'><strong>obtinentem</strong></span> <span class='ocrx_word' id='word_1_863' title='bbox 539 5148 612 5203; x_wconf 90' lang='lat' dir='ltr'><strong>adeo</strong></span> <span class='ocrx_word' id='word_1_864' title='bbox 625 5145 785 5201; x_wconf 82' lang='lat' dir='ltr'><strong>iniecerunt</strong></span> <span class='ocrx_word' id='word_1_865' title='bbox 808 5140 939 5198; x_wconf 89' lang='lat' dir='ltr'><strong>barbaris</strong></span> <span class='ocrx_word' id='word_1_866' title='bbox 1057 5146 1154 5196; x_wconf 86' lang='lat' dir='ltr'><strong>trero</strong></span> <span class='ocrx_word' id='word_1_867' title='bbox 1179 5141 1219 5195; x_wconf 89' lang='lat' dir='ltr'><strong>ita</strong></span> <span class='ocrx_word' id='word_1_868' title='bbox 1244 5156 1344 5212; x_wconf 90' lang='lat' dir='ltr'><strong>reapse</strong></span> <span class='ocrx_word' id='word_1_869' title='bbox 1371 5140 1406 5196; x_wconf 91' lang='lat' dir='ltr'><strong>de</strong></span> <span class='ocrx_word' id='word_1_870' title='bbox 1430 5137 1665 5221; x_wconf 36' lang='lat' dir='ltr'><strong>Aquileiensibus·</strong></span> <span class='ocrx_word' id='word_1_871' title='bbox 1684 5132 1823 5261; x_wconf 58' lang='lat' dir='ltr'><strong>alpiscopis</strong></span> 
     </span>
     <span class='ocr_line' id='line_1_68' title="bbox 106 5203 1823 5293; baseline -0.008 -20"><span class='ocrx_word' id='word_1_872' title='bbox 106 5217 219 5293; x_wconf 90' lang='lat' dir='ltr'><strong>proprii</strong></span> <span class='ocrx_word' id='word_1_873' title='bbox 231 5219 384 5286; x_wconf 88' lang='lat' dir='ltr'><strong>sermonis,</strong></span> <span class='ocrx_word' id='word_1_874' title='bbox 400 5224 432 5275; x_wconf 92' lang='lat' dir='ltr'><strong>ut</strong></span> <span class='ocrx_word' id='word_1_875' title='bbox 436 5219 498 5291; x_wconf 87' lang='lat' dir='ltr'><strong>jam</strong></span> <span class='ocrx_word' id='word_1_876' title='bbox 507 5215 863 5290; x_wconf 80' lang='lat' dir='ltr'><strong>lingualatina,ipsurum</strong></span> <span class='ocrx_word' id='word_1_877' title='bbox 873 5229 940 5286; x_wconf 92' lang='lat' dir='ltr'><strong>gen·</strong></span> <span class='ocrx_word' id='word_1_878' title='bbox 994 5209 1081 5266; x_wconf 81' lang='lat' dir='ltr'><strong>luisse</strong></span> <span class='ocrx_word' id='word_1_879' title='bbox 1095 5210 1310 5275; x_wconf 79' lang='lat' dir='ltr'><strong>confirmemus,</strong></span> <span class='ocrx_word' id='word_1_880' title='bbox 1326 5226 1390 5266; x_wconf 89' lang='lat' dir='ltr'><strong>eece</strong></span> <span class='ocrx_word' id='word_1_881' title='bbox 1401 5209 1483 5265; x_wconf 90' lang='lat' dir='ltr'><strong>nobis</strong></span> <span class='ocrx_word' id='word_1_882' title='bbox 1493 5207 1681 5280; x_wconf 78' lang='lat' dir='ltr'><strong>Aquileiensis</strong></span> <span class='ocrx_word' id='word_1_883' title='bbox 1713 5203 1823 5261; x_wconf 83' lang='lat' dir='ltr'><strong>cclesias</strong></span> 
     </span>
     <span class='ocr_line' id='line_1_69' title="bbox 106 5274 1822 5405; baseline -0.008 -60"><span class='ocrx_word' id='word_1_884' title='bbox 106 5289 185 5346; x_wconf 89' lang='lat' dir='ltr'><strong>tium</strong></span> <span class='ocrx_word' id='word_1_885' title='bbox 199 5305 296 5353; x_wconf 83' lang='lat' dir='ltr'><strong>causa,</strong></span> <span class='ocrx_word' id='word_1_886' title='bbox 312 5289 418 5361; x_wconf 90' lang='lat' dir='ltr'><strong>passim</strong></span> <span class='ocrx_word' id='word_1_887' title='bbox 436 5288 552 5347; x_wconf 87' lang='lat' dir='ltr'><strong>desierit</strong></span> <span class='ocrx_word' id='word_1_888' title='bbox 570 5304 632 5345; x_wconf 87' lang='lat' dir='ltr'><strong>esse</strong></span> <span class='ocrx_word' id='word_1_889' title='bbox 652 5283 824 5353; x_wconf 89' lang='lat' dir='ltr'><strong>eommunis,</strong></span> <span class='ocrx_word' id='word_1_890' title='bbox 841 5301 874 5340; x_wconf 90' lang='lat' dir='ltr'><strong>ac</strong></span> <span class='ocrx_word' id='word_1_891' title='bbox 891 5284 939 5339; x_wconf 89' lang='lat' dir='ltr'><strong>dc·</strong></span> <span class='ocrx_word' id='word_1_892' title='bbox 994 5282 1140 5405; x_wconf 52' lang='lat' dir='ltr'><strong>presbfter</strong></span> <span class='ocrx_word' id='word_1_893' title='bbox 1155 5282 1284 5344; x_wconf 85' lang='lat' dir='ltr'><strong>Dutinus.</strong></span> <span class='ocrx_word' id='word_1_894' title='bbox 1300 5280 1349 5352; x_wconf 93' lang='lat' dir='ltr'><strong>qui</strong></span> <span class='ocrx_word' id='word_1_895' title='bbox 1364 5282 1400 5335; x_wconf 88' lang='lat' dir='ltr'><strong>de</strong></span> <span class='ocrx_word' id='word_1_896' title='bbox 1414 5278 1590 5351; x_wconf 79' lang='lat' dir='ltr'><strong>Aquileiensi</strong></span> <span class='ocrx_word' id='word_1_897' title='bbox 1615 5274 1740 5334; x_wconf 82' lang='lat' dir='ltr'><strong>Ecclesia</strong></span> <span class='ocrx_word' id='word_1_898' title='bbox 1759 5291 1822 5332; x_wconf 91' lang='lat' dir='ltr'><strong>rein</strong></span> 
     </span>
     <span class='ocr_line' id='line_1_70' title="bbox 107 5348 1822 5434; baseline -0.008 -18"><span class='ocrx_word' id='word_1_899' title='bbox 107 5377 193 5416; x_wconf 88' lang='lat' dir='ltr'><strong>inum</strong></span> <span class='ocrx_word' id='word_1_900' title='bbox 208 5360 297 5415; x_wconf 88' lang='lat' dir='ltr'><strong>sacris</strong></span> <span class='ocrx_word' id='word_1_901' title='bbox 309 5365 422 5417; x_wconf 90' lang='lat' dir='ltr'><strong>tantum</strong></span> <span class='ocrx_word' id='word_1_902' title='bbox 439 5360 563 5425; x_wconf 86' lang='lat' dir='ltr'><strong>addicta,</strong></span> <span class='ocrx_word' id='word_1_903' title='bbox 581 5364 610 5415; x_wconf 88' lang='lat' dir='ltr'><strong>et</strong></span> <span class='ocrx_word' id='word_1_904' title='bbox 629 5358 657 5413; x_wconf 91' lang='lat' dir='ltr'><strong>ln</strong></span> <span class='ocrx_word' id='word_1_905' title='bbox 672 5355 835 5413; x_wconf 88' lang='lat' dir='ltr'><strong>scholarum</strong></span> <span class='ocrx_word' id='word_1_906' title='bbox 849 5371 938 5427; x_wconf 86' lang='lat' dir='ltr'><strong>angu-</strong></span> <span class='ocrx_word' id='word_1_907' title='bbox 993 5351 1036 5407; x_wconf 91' lang='lat' dir='ltr'><strong>sin</strong></span> <span class='ocrx_word' id='word_1_908' title='bbox 1060 5368 1077 5405; x_wconf 92' lang='lat' dir='ltr'><strong>ii</strong></span> <span class='ocrx_word' id='word_1_909' title='bbox 1090 5367 1168 5406; x_wconf 88' lang='lat' dir='ltr'><strong>arem</strong></span> <span class='ocrx_word' id='word_1_910' title='bbox 1183 5351 1265 5407; x_wconf 90' lang='lat' dir='ltr'><strong>nobis</strong></span> <span class='ocrx_word' id='word_1_911' title='bbox 1278 5354 1409 5413; x_wconf 82' lang='lat' dir='ltr'><strong>testatur.</strong></span> <span class='ocrx_word' id='word_1_912' title='bbox 1425 5350 1502 5421; x_wconf 91' lang='lat' dir='ltr'><strong>quod</strong></span> <span class='ocrx_word' id='word_1_913' title='bbox 1516 5353 1627 5434; x_wconf 84' lang='lat' dir='ltr'><strong>spectat</strong></span> <span class='ocrx_word' id='word_1_914' title='bbox 1641 5349 1677 5403; x_wconf 87' lang='lat' dir='ltr'><strong>ad</strong></span> <span class='ocrx_word' id='word_1_915' title='bbox 1687 5348 1822 5413; x_wconf 73' lang='lat' dir='ltr'><strong>hareses,</strong></span> 
     </span>
     <span class='ocr_line' id='line_1_71' title="bbox 105 5367 1823 5504; baseline -0.008 -17"><span class='ocrx_word' id='word_1_916' title='bbox 105 5431 172 5487; x_wconf 89' lang='lat' dir='ltr'><strong>stila</strong></span> <span class='ocrx_word' id='word_1_917' title='bbox 185 5431 324 5503; x_wconf 85' lang='lat' dir='ltr'><strong>relegata,</strong></span> <span class='ocrx_word' id='word_1_918' title='bbox 335 5447 442 5487; x_wconf 83' lang='lat' dir='ltr'><strong>novam</strong></span> <span class='ocrx_word' id='word_1_919' title='bbox 453 5431 615 5504; x_wconf 86' lang='lat' dir='ltr'><strong>linguarum</strong></span> <span class='ocrx_word' id='word_1_920' title='bbox 626 5427 751 5486; x_wconf 78' lang='lat' dir='ltr'><strong>formam</strong></span> <span class='ocrx_word' id='word_1_921' title='bbox 762 5425 939 5481; x_wconf 88' lang='lat' dir='ltr'><strong>adomnium</strong></span> <span class='ocrx_word' id='word_1_922' title='bbox 994 5423 1023 5477; x_wconf 91' lang='lat' dir='ltr'><strong>in</strong></span> <span class='ocrx_word' id='word_1_923' title='bbox 1039 5367 1256 5479; x_wconf 55' lang='lat' dir='ltr'><strong>{ommenturio</strong></span> <span class='ocrx_word' id='word_1_924' title='bbox 1271 5438 1323 5479; x_wconf 93' lang='lat' dir='ltr'><strong>suo</strong></span> <span class='ocrx_word' id='word_1_925' title='bbox 1339 5437 1416 5493; x_wconf 81' lang='lat' dir='ltr'><strong>smpc</strong></span> <span class='ocrx_word' id='word_1_926' title='bbox 1430 5420 1516 5476; x_wconf 86' lang='lat' dir='ltr'><strong>citato</strong></span> <span class='ocrx_word' id='word_1_927' title='bbox 1532 5438 1560 5477; x_wconf 93' lang='lat' dir='ltr'><strong>m</strong></span> <span class='ocrx_word' id='word_1_928' title='bbox 1575 5419 1741 5493; x_wconf 81' lang='lat' dir='ltr'><strong>Symbolum</strong></span> <span class='ocrx_word' id='word_1_929' title='bbox 1758 5434 1823 5491; x_wconf 83' lang='lat' dir='ltr'><strong>apo·</strong></span> 
     </span>
     <span class='ocr_line' id='line_1_72' title="bbox 106 5491 1825 5576; baseline -0.008 -17"><span class='ocrx_word' id='word_1_930' title='bbox 106 5518 195 5559; x_wconf 88' lang='lat' dir='ltr'><strong>usum</strong></span> <span class='ocrx_word' id='word_1_931' title='bbox 223 5500 627 5576; x_wconf 78' lang='lat' dir='ltr'><strong>ignarereluticoactaliierit,</strong></span> <span class='ocrx_word' id='word_1_932' title='bbox 657 5495 938 5567; x_wconf 89' lang='lat' dir='ltr'><strong>ualemnuncipsiin</strong></span> <span class='ocrx_word' id='word_1_933' title='bbox 993 5492 1196 5559; x_wconf 81' lang='lat' dir='ltr'><strong>stolorum3et</strong></span> <span class='ocrx_word' id='word_1_934' title='bbox 1214 5509 1274 5548; x_wconf 91' lang='lat' dir='ltr'><strong>rem</strong></span> <span class='ocrx_word' id='word_1_935' title='bbox 1312 5492 1433 5557; x_wconf 82' lang='lat' dir='ltr'><strong>relecto,</strong></span> <span class='ocrx_word' id='word_1_936' title='bbox 1447 5493 1529 5548; x_wconf 82' lang='lat' dir='ltr'><strong>eii‘ua</strong></span> <span class='ocrx_word' id='word_1_937' title='bbox 1541 5492 1586 5547; x_wconf 83' lang='lat' dir='ltr'><strong>rix</strong></span> <span class='ocrx_word' id='word_1_938' title='bbox 1601 5491 1680 5547; x_wconf 91' lang='lat' dir='ltr'><strong>aliud</strong></span> <span class='ocrx_word' id='word_1_939' title='bbox 1695 5493 1825 5562; x_wconf 89' lang='lat' dir='ltr'><strong>superest</strong></span> 
     </span>
     <span class='ocr_line' id='line_1_73' title="bbox 106 5510 1825 5647; baseline -0.008 -17"><span class='ocrx_word' id='word_1_940' title='bbox 106 5518 358 5645; x_wconf 53' lang='lat' dir='ltr'><strong>ltaliafoquimun</strong></span> <span class='ocrx_word' id='word_1_941' title='bbox 370 5575 541 5645; x_wconf 90' lang='lat' dir='ltr'><strong>qualemque</strong></span> <span class='ocrx_word' id='word_1_942' title='bbox 552 5573 580 5627; x_wconf 93' lang='lat' dir='ltr'><strong>in</strong></span> <span class='ocrx_word' id='word_1_943' title='bbox 590 5517 688 5628; x_wconf 62' lang='lat' dir='ltr'><strong>Galliis</strong></span> <span class='ocrx_word' id='word_1_944' title='bbox 700 5573 785 5640; x_wconf 91' lang='lat' dir='ltr'><strong>atque</strong></span> <span class='ocrx_word' id='word_1_945' title='bbox 796 5566 939 5637; x_wconf 87' lang='lat' dir='ltr'><strong>Hispaniis</strong></span> <span class='ocrx_word' id='word_1_946' title='bbox 994 5562 1156 5647; x_wconf 80' lang='lat' dir='ltr'><strong>exemplum</strong></span> <span class='ocrx_word' id='word_1_947' title='bbox 1168 5564 1197 5645; x_wconf 82' lang='lat' dir='ltr'><strong>in</strong></span> <span class='ocrx_word' id='word_1_948' title='bbox 1208 5568 1276 5646; x_wconf 70' lang='lat' dir='ltr'><strong>tota⁸</strong></span> <span class='ocrx_word' id='word_1_949' title='bbox 1306 5563 1455 5621; x_wconf 89' lang='lat' dir='ltr'><strong>ccidentali</strong></span> <span class='ocrx_word' id='word_1_950' title='bbox 1472 5510 1605 5619; x_wconf 58' lang='lat' dir='ltr'><strong>lieclesia.</strong></span> <span class='ocrx_word' id='word_1_951' title='bbox 1618 5561 1825 5618; x_wconf 78' lang='lat' dir='ltr'><strong>Additamento</strong></span> 
     </span>
     <span class='ocr_line' id='line_1_74' title="bbox 105 5630 1824 5715; baseline -0.009 -13"><span class='ocrx_word' id='word_1_952' title='bbox 105 5644 243 5715; x_wconf 86' lang='lat' dir='ltr'><strong>usurpari</strong></span> <span class='ocrx_word' id='word_1_953' title='bbox 254 5644 410 5700; x_wconf 78' lang='lat' dir='ltr'><strong>norimus?</strong></span> <span class='ocrx_word' id='word_1_954' title='bbox 423 5645 477 5700; x_wconf 88' lang='lat' dir='ltr'><strong>Sed</strong></span> <span class='ocrx_word' id='word_1_955' title='bbox 491 5644 527 5699; x_wconf 89' lang='lat' dir='ltr'><strong>ad</strong></span> <span class='ocrx_word' id='word_1_956' title='bbox 538 5643 611 5699; x_wconf 87' lang='lat' dir='ltr'><strong>alian</strong></span> <span class='ocrx_word' id='word_1_957' title='bbox 624 5640 842 5715; x_wconf 77' lang='lat' dir='ltr'><strong>progrediamur</strong></span> <span class='ocrx_word' id='word_1_958' title='bbox 853 5636 938 5694; x_wconf 87' lang='lat' dir='ltr'><strong>Zabei</strong></span> <span class='ocrx_word' id='word_1_959' title='bbox 994 5634 1102 5691; x_wconf 90' lang='lat' dir='ltr'><strong>seilicet</strong></span> <span class='ocrx_word' id='word_1_960' title='bbox 1116 5635 1198 5690; x_wconf 87' lang='lat' dir='ltr'><strong>nobis</strong></span> <span class='ocrx_word' id='word_1_961' title='bbox 1213 5633 1337 5701; x_wconf 82' lang='lat' dir='ltr'><strong>exbibet,</strong></span> <span class='ocrx_word' id='word_1_962' title='bbox 1351 5650 1413 5706; x_wconf 82' lang='lat' dir='ltr'><strong>quse</strong></span> <span class='ocrx_word' id='word_1_963' title='bbox 1424 5634 1619 5705; x_wconf 90' lang='lat' dir='ltr'><strong>apostolorum</strong></span> <span class='ocrx_word' id='word_1_964' title='bbox 1629 5632 1767 5706; x_wconf 83' lang='lat' dir='ltr'><strong>Symbolo</strong></span> <span class='ocrx_word' id='word_1_965' title='bbox 1781 5630 1824 5686; x_wconf 86' lang='lat' dir='ltr'><strong>la·</strong></span> 
     </span>
     <span class='ocr_line' id='line_1_75' title="bbox 107 5704 1750 5778; baseline -0.008 -5"><span class='ocrx_word' id='word_1_966' title='bbox 107 5714 389 5773; x_wconf 78' lang='lat' dir='ltr'><strong>animadversiones.</strong></span> <span class='ocrx_word' id='word_1_967' title='bbox 994 5715 1144 5764; x_wconf 87' lang='lat' dir='ltr'><strong>seruerunt</strong></span> <span class='ocrx_word' id='word_1_968' title='bbox 1169 5710 1278 5763; x_wconf 83' lang='lat' dir='ltr'><strong>veteres</strong></span> <span class='ocrx_word' id='word_1_969' title='bbox 1303 5704 1492 5777; x_wconf 77' lang='lat' dir='ltr'><strong>Aquileiensis</strong></span> <span class='ocrx_word' id='word_1_970' title='bbox 1523 5704 1652 5762; x_wconf 78' lang='lat' dir='ltr'><strong>Ecclesia</strong></span> <span class='ocrx_word' id='word_1_971' title='bbox 1676 5718 1750 5778; x_wconf 84' lang='lat' dir='ltr'><strong>praes</strong></span> 
     </span>
    </p>
   </div>
   <div class='ocr_carea' id='block_1_5' title="bbox 146 5772 1759 5865">
    <p class='ocr_par' dir='ltr' id='par_1_5' title="bbox 146 5772 1759 5865">
     <span class='ocr_line' id='line_1_76' title="bbox 146 5772 1759 5865; baseline -0.007 -22"><span class='ocrx_word' id='word_1_972' title='bbox 146 5785 243 5861; x_wconf 86' lang='lat' dir='ltr'><strong>Pergit</strong></span> <span class='ocrx_word' id='word_1_973' title='bbox 254 5786 352 5859; x_wconf 90' lang='lat' dir='ltr'><strong>itaque</strong></span> <span class='ocrx_word' id='word_1_974' title='bbox 363 5786 473 5844; x_wconf 87' lang='lat' dir='ltr'><strong>Zabeus</strong></span> <span class='ocrx_word' id='word_1_975' title='bbox 484 5784 627 5860; x_wconf 80' lang='lat' dir='ltr'><strong>penitiora</strong></span> <span class='ocrx_word' id='word_1_976' title='bbox 636 5782 769 5855; x_wconf 86' lang='lat' dir='ltr'><strong>scrutari,</strong></span> <span class='ocrx_word' id='word_1_977' title='bbox 780 5785 809 5839; x_wconf 89' lang='lat' dir='ltr'><strong>et</strong></span> <span class='ocrx_word' id='word_1_978' title='bbox 819 5796 939 5838; x_wconf 88' lang='lat' dir='ltr'><strong>numero</strong></span> <span class='ocrx_word' id='word_1_979' title='bbox 994 5779 1111 5850; x_wconf 67' lang='lat' dir='ltr'><strong>moy‘orsa</strong></span> <span class='ocrx_word' id='word_1_980' title='bbox 1122 5777 1213 5836; x_wconf 82' lang='lat' dir='ltr'><strong>sostrs&#39;</strong></span> <span class='ocrx_word' id='word_1_981' title='bbox 1224 5778 1260 5834; x_wconf 90' lang='lat' dir='ltr'><strong>ab</strong></span> <span class='ocrx_word' id='word_1_982' title='bbox 1279 5778 1382 5836; x_wconf 88' lang='lat' dir='ltr'><strong>eodem</strong></span> <span class='ocrx_word' id='word_1_983' title='bbox 1397 5775 1505 5834; x_wconf 88' lang='lat' dir='ltr'><strong>ibidem</strong></span> <span class='ocrx_word' id='word_1_984' title='bbox 1521 5774 1669 5851; x_wconf 83' lang='lat' dir='ltr'><strong>appellati,</strong></span> <span class='ocrx_word' id='word_1_985' title='bbox 1685 5779 1719 5833; x_wconf 88' lang='lat' dir='ltr'><strong>nt</strong></span> <span class='ocrx_word' id='word_1_986' title='bbox 1734 5772 1759 5865; x_wconf 52' lang='grc' dir='ltr'><strong>ι</strong></span> 
     </span>
    </p>
   </div>
   <div class='ocr_carea' id='block_1_6' title="bbox 1758 5892 1867 5999">
    <p class='ocr_par' dir='ltr' id='par_1_6' title="bbox 1758 5892 1867 5999">
     <span class='ocr_line' id='line_1_77' title="bbox 1758 5892 1867 5999; baseline -0.009 -12"><span class='ocrx_word' id='word_1_987' title='bbox 1758 5892 1867 5999; x_wconf 55' lang='grc' dir='ltr'><strong>,ἐϋ</strong></span> 
     </span>
    </p>
   </div>
   <div class='ocr_carea' id='block_1_7' title="bbox 1711 6002 1851 6133">
    <p class='ocr_par' dir='ltr' id='par_1_7' title="bbox 1711 6002 1851 6133">
     <span class='ocr_line' id='line_1_78' title="bbox 1711 6002 1851 6133; baseline -0.007 -21"><span class='ocrx_word' id='word_1_988' title='bbox 1711 6002 1851 6133; x_wconf 54' lang='lat' dir='ltr'>ffl</span> 
     </span>
    </p>
   </div>
   <div class='ocr_carea' id='block_1_8' title="bbox 0 0 2010 6192">
    <p class='ocr_par' dir='ltr' id='par_1_8' title="bbox 0 0 2010 6192">
     <span class='ocr_line' id='line_1_79' title="bbox 0 0 2010 6192; baseline 0 1"><span class='ocrx_word' id='word_1_989' title='bbox 0 0 2010 6192; x_wconf 95' lang='lat' dir='ltr'><strong> </strong></span> 
     </span>
    </p>
   </div>
  </div>
 </body>
</html>
