4009 6192
236 212 292 273 tto
653 203 713 267 Tu.
735 204 924 269 minuunt
945 196 1129 264 euomuit
1149 200 1220 265 PRO
1239 203 1270 265 8.
1294 200 1515 264 vitoniano.
1847 213 1882 272 ιιι

231 343 312 398 nant.
328 337 435 395 Adbuc
443 352 529 411 porro
541 337 783 409 officiumproeter
794 350 978 393 communem
992 333 1059 390 hac·
1073 335 1098 395 Α
1112 334 1532 416 Leonismagni‚episcopatum
1538 333 1737 416 cerneliensem
1746 339 1883 411 conjunctus

231 417 315 470 tenus
330 410 558 483 propositam,ea
571 405 1057 532 meimpulitprivatacausa,13uod
1112 404 1198 488 fuisse
1215 411 1389 487 episcopatui
1399 409 1484 461 castri
1499 406 1549 478 (ita
1563 422 1639 488 enim
1655 407 1781 532 ιρῗιιιιιι
1797 409 1883 467 Nicaei·

231 484 335 539 barum
348 482 439 552 (atde
467 480 595 536 Eucherii
619 479 863 536 lucubrationibus
890 478 958 534 scite
1008 480 1058 531 int
1113 493 1161 541 sis,
1177 476 1254 533 haud
1267 478 1351 533 dubie
1361 478 1398 532 ob
1413 481 1525 531 tantam
1538 480 1682 549 utriusque
1708 493 1748 533 oci
1760 478 1884 538 rieinianol

231 554 355 611 Hilarius
371 551 554 614 Arelatensis)
570 550 800 620 florulentamm,
817 550 952 632 omnique
968 563 1058 603 amoe·
1111 547 1269 603 dioeceseon
1281 548 1455 620 angustiam.
1471 548 1513 602 Ab
1526 563 1559 603 eo
1573 547 1669 619 itaque
1695 553 1816 631 tempore,
1836 551 1884 607 iden

232 626 322 680 uitale
334 620 516 678 vernantium
524 620 875 693 homiliarumlragrantia
883 617 994 676 ricinia
1008 634 1058 673 oo·
1111 618 1304 684 cemeliensis,
1319 618 1367 690 qui
1377 617 1532 674 Nicaeensis
1550 618 1696 689 episcopus
1719 618 1776 675 tuit.
1796 621 1842 677 Nec
1858 625 1886 678 te

231 692 354 751 straecai
371 690 537 747 Valerianus
555 691 705 763 episcopus
720 691 844 763 praefuit,
874 697 958 762 atque
984 689 1056 745 adeo
1111 689 1393 756 meliensistantum,
1409 689 1451 745 rel
1466 693 1579 744 tantum
1594 688 1759 757 Nicoeensis;
1785 692 1826 746 sed
1846 709 1887 747 oou

232 765 318 846 etlam
331 762 389 844 oris
404 762 502 826 nostri,
520 763 652 832 quamvis
667 762 785 846 alterius
800 766 828 820 et
853 762 1008 844 dioecoseos
1029 762 1058 815 et
1108 761 1209 834 juncta
1223 759 1500 842 utriusqueciritatis
1515 760 1741 843 nomenclatione
1752 768 1887 845 nuncupatos

231 833 1056 976 tiltttitttt&trittltttbtltttbttttt
1111 830 1889 984 ttt}tt‘stitit„ittttittflttttttittttt:

230 975 271 1032 eis
284 975 433 1046 pudorem,
450 978 481 1029 ut
494 976 620 1030 suaviter
631 975 732 1031 afflare
748 979 879 1048 pergant,
890 972 1052 1045 dispellere.
1111 918 1208 1028 frenas
1220 979 1248 1029 et
1259 973 1422 1029 Nicoeensis.
1449 973 1630 1043 Quamquam
1645 989 1675 1029 in
1700 972 1801 1028 excusis
1821 975 1888 1045 moti

231 1046 313 1112 Quod
326 1046 478 1102 commode
493 1046 675 1126 praestiturus
687 1046 793 1112 rideor,
814 1046 838 1102 si
852 1044 1009 1119 prcemissis
1024 1043 1057 1099 iis
1111 1042 1187 1125 illius
1203 1060 1284 1099 exem
1305 1043 1421 1110 laribus,
1436 1042 1539 1099 mutila
1551 1048 1593 1098 est
1604 1059 1639 1099 aa
1653 1043 1817 1114 subscriptio,
1827 1050 1890 1100 atro

230 1133 293 1190 quse
306 1117 343 1171 ad
360 1115 500 1171 Valeriani
515 1132 667 1187 personam
683 1121 815 1187 spectant
842 1117 929 1189 (quod
945 1116 987 1172 ita
1009 1130 1058 1170 ne·
1111 1118 1182 1170 tavit
1192 1116 1224 1170 a.
1239 1115 1269 1169 P.
1282 1061 1404 1170 ficubus
1416 1112 1596 1180 sumendus,
1609 1113 1657 1186 qui
1673 1114 1837 1170 Valerianum
1847 1116 1891 1171 edu

231 1187 387 1244 cessarium
402 1185 583 1242 videaturad
598 1188 784 1243 avertendam
799 1186 1056 1251 doctriaaelahem‚
1111 1185 1161 1240 xit.
1190 1185 1336 1241 Subiniert
1366 1190 1463 1241 autem
1493 1201 1528 1241 ei
1581 1201 1614 1240 ro
1635 1183 1707 1241 osita
1727 1186 1890 1251 obseriatioie

231 1262 264 1314 ut
275 1274 309 1314 ei
319 1257 448 1312 dicendis
461 1256 603 1328 liquebit).
619 1257 671 1312 has
686 1258 748 1330 ejus
767 1257 912 1324 homilias,
928 1273 1000 1329 qaas
1010 1272 1058 1311 ne·
1112 1255 1347 1328 quandoquidem
1361 1255 1528 1313 Valerianus
1578 1203 1893 1327 soffitecemeliensisepi

230 1332 300 1409 gata
318 1327 442 1409 benigna
459 1326 702 1408 interpretatione,
721 1344 805 1384 runca
828 1344 987 1384 asiairiris
1005 1327 1058 1382 cri·
1112 1344 1214 1398 scopus
1229 1330 1409 1453 nuncuzatus
1423 1325 1537 1398 legitur,
1553 1327 1711 1399 oportuisse
1723 1344 1783 1384 eum
1794 1326 1892 1383 autolio

232 1403 354 1454 minatio
377 1401 500 1468 impetit.
529 1398 641 1454 naviter
671 1399 878 1471 diligenterque
903 1398 1057 1463 excutiam,
1114 1401 1174 1453 tam
1189 1402 1315 1454 asancto
1353 1414 1423 1455 eone
1439 1397 1586 1470 utriusque
1607 1398 1892 1461 sediscon'onctloucn,

233 1468 351 1541 prolatis
364 1468 398 1523 ils
413 1467 555 1550 omnibus.
571 1469 738 1551 uude'labes
760 1470 871 1553 aliquas
885 1470 1003 1526 sinceris
1031 1472 1061 1525 et
1113 1468 1282 1525 Cemelieusi
1295 1469 1426 1526 Ecclesiae
1439 1468 1596 1540 prefuisse,
1614 1474 1699 1542 atque
1717 1415 1783 1525 adeo
1796 1469 1893 1541 posteris

231 1541 431 1612 undecumque
443 1539 591 1595 catholicas
603 1541 750 1611 scriptoris
765 1541 851 1614 hujus
866 1541 1002 1597 doctriuae
1017 1555 1061 1595 as·
1113 1556 1174 1596 rem
1188 1556 1246 1596 nou
1260 1556 1322 1597 esse
1332 1544 1431 1597 sancto
1447 1540 1540 1597 Leone
1554 1541 1667 1613 blagno.
1684 1543 1738 1596 Hoc
1750 1557 1801 1595 non
1812 1544 1894 1611 gluttit

232 1611 312 1682 pergi
329 1610 449 1666 ridetur.
464 1609 524 1665 Illis
546 1615 642 1666 autern
657 1611 804 1683 expositis,
820 1614 896 1668 etad
912 1628 987 1668 sanae
1012 1611 1061 1666 do·
1114 1611 1310 1668 concesserim.
1328 1611 1414 1667 addit
1427 1616 1565 1683 praterea
1577 1610 1895 1667 Valerianumsahaniou

232 1681 332 1737 ctriuae
347 1680 487 1736 amussim
507 1681 645 1754 exquisite
660 1682 776 1753 aptatis,
805 1683 928 1739 alterurn
947 1698 1061 1755 quoque
1076 1688 1100 1748 Β
1115 1682 1219 1739 Christi
1234 1681 1297 1747 450,
1311 1681 1418 1738 bocest
1436 1686 1535 1737 sancto
1551 1682 1637 1738 teoni
1658 1682 1791 1754 aqualem
1807 1686 1896 1736 suum

232 1750 467 1808 criminationum
473 1751 688 1824 caputattingat
702 1753 864 1825 disquirens
876 1758 990 1810 rectene
1007 1754 1061 1809 la·
1116 1753 1196 1821 dum,
1207 1770 1241 1808 ar
1281 1757 1377 1808 mento
1392 1754 1459 1809 iude
1472 1755 1565 1821 ducto,
1581 1755 1661 1825 quod
1672 1754 1796 1810 eistetad
1810 1750 1898 1806 Valens

232 1820 460 1878 leriaoussoosti
480 1822 594 1879 titulum
623 1840 679 1906 quo
695 1822 777 1881 illum
804 1842 873 1882 mss.
898 1824 1062 1898 perantiqui
1117 1840 1186 1878 uani
1205 1828 1234 1880 et
1256 1839 1399 1896 agennum
1423 1824 1668 1889 Ebredunensem,
1686 1823 1897 1880 Valeriaoillstro·

232 1892 344 1951 codices
358 1893 478 1961 donant,
490 1893 615 1951 retinere
629 1911 657 1950 in
671 1899 818 1966 posterum
831 1897 943 1953 debeat.
1116 1894 1281 1978 politanum,
1299 1899 1472 1977 caeterosque
1483 1893 1643 1978 vicinarum
1657 1894 1754 1978 Galliae
1780 1892 1898 1976 provincii·

570 2019 683 2076 ann
702 2020 725 2076 1·
1116 1962 1899 2107 tittttttttitttitttttttlitt?tttltt

237 2123 385 2181 pamm·
397 2122 483 2181 ,pagg
500 2154 532 2165 ..
553 2125 591 2180 pe
618 2125 735 2194 esum
754 2129 836 2183 „gagg
865 2128 976 2184 mim
1014 2141 1064 2197 9³·
1118 2108 1189 2163 tensi
1205 2123 1223 2162 a
1237 2108 1316 2163 card.
1331 2106 1452 2163 Baronio
1465 2106 1598 2179 evulgata
1613 2126 1620 2175 ;
1636 2112 1665 2164 et
1678 2106 1820 2171 alia,intei
1835 2102 1900 2160 sancti

977 2166 985 2192 ’
1118 2175 1899 2319 tuomst

269 2315 296 2371 l.
312 2315 474 2397 Eleganter,
483 2314 939 2381 utomnia‚Tbeodoretusorat.9
952 2320 1060 2376 dePro·
1116 2318 1192 2374 inter
1205 2317 1307 2375 Galliae
1319 2291 1476 2390 episcopos.
1490 2336 1616 2391 quorum
1632 2321 1799 2376 adsenctum
1811 2284 1900 2373 troiani

233 2385 303 2451 rid„
317 2385 447 2440 imitatus
460 2384 596 2457 chrysost
622 2386 702 2444 hom.
717 2386 836 2459 iiullp.
853 2389 890 2443 ad
905 2388 1011 2447 Colossv
1025 2390 1063 2447 ad
1116 2389 1238 2461 epistola
1250 2389 1378 2460 proxime
1388 2394 1579 2461 praecesserat,
1595 2390 1767 2448 referuntur.
1779 2394 1837 2446 tteia
1864 2385 1901 2441 uod
1942 2388 1943 2413 ι

234 2446 317 2521 iilud,
335 2455 399 2538 tstta
411 2463 501 2538 oestro
526 2455 684 2539 abscondito
707 2464 755 2528 est,
784 2459 931 2541 plerosque
951 2468 1063 2518 sancto·
1117 2460 1553 2532 conciliopereademtempora
1568 2404 1904 2539 llhegiiinGalliaoelebrt·
1943 2470 1944 2495 t

234 2544 310 2592 rum,
326 2536 438 2583 etiamsi
454 2527 530 2597 apud
544 2528 633 2583 Deum
647 2527 781 2598 illustres,
792 2547 910 2603 iamque
919 2531 1064 2604 gloriacu·
1117 2534 1157 2595 to,
1170 2531 1370 2602 subscripsisse
1384 2532 1496 2603 tegatur
1510 2531 1693 2598 Valerianus,
1713 2549 1773 2588 cum
1787 2530 1840 2587 aliis
1852 2528 1904 2583 illios

234 2597 369 2659 mutatos.
383 2602 481 2653 lamen
495 2597 632 2669 quamdiu
650 2600 745 2656 saeculi
756 2600 1059 2672 iluctihusrolruutur,
1118 2603 1329 2673 tractusepisco
1350 2602 1384 2657 is.
1399 2603 1526 2658 Tandem
1541 2605 1624 2674 quod
1643 2604 1775 2660 habeatur
1796 2597 1905 2656 Valeriani
1944 2606 1946 2657 l

235 2668 395 2740 margarito
403 2669 528 2751 conferri
545 2685 627 2740 posse
655 2671 802 2752 ubserrat;
830 2674 905 2755 quod
931 2675 1009 2731 relat
1033 2674 1062 2731 in
1118 2673 1242 2746 episcopi
1255 2690 1319 2728 cam
1332 2619 1552 2739 iaudementia
1568 2673 1597 2729 in
1618 2691 1716 2731 recens
1727 2676 1827 2757 reperto
1839 2668 1906 2751 muci·
1946 2714 1947 2729 ι

235 2746 328 2796 ostreo
344 2739 481 2808 abditi,et
492 2741 570 2811 quod
588 2738 721 2797 homines
733 2742 844 2815 inglorii
869 2744 1039 2802 delitescant
1055 2763 1062 2801 ι
1118 2744 1156 2800 lio
1168 2743 1325 2801 Arelatensi
1340 2745 1391 2799 suh
1411 2745 1558 2801 herennio
1570 2746 1668 2803 sancti
1683 2746 1779 2802 leonis
1795 2740 1877 2814 equali
1886 2754 1907 2793 ιι
1947 2796 1948 2815 χ

235 2819 267 2867 ut
278 2814 429 2882 propterea
440 2811 601 2879 concludat,
631 2812 838 2883 providendum
866 2816 959 2872 aDeo
976 2816 1064 2873 luisse
1117 2815 1180 2872 bec
1193 2816 1302 2871 rerba:
1321 2816 1439 2872 Causam
1463 2831 1524 2886 qua
1548 2817 1629 2871 inter
1650 2821 1767 2874 mactum
1787 2815 1860 2887 episto
1897 2880 1901 2890 1
1948 2878 1949 2887 ¹

236 2881 588 2947 alteriussaeculistatum
603 2899 659 2954 quo
674 2883 759 2940 decus
786 2885 1010 2960 uniuscujusque
1030 2904 1064 2944 ac
1119 2886 1291 2951 Theodorum,
1308 2889 1334 2942 et
1341 2893 1465 2942 sanctuni
1475 2887 1669 2959 Valerianum,
1682 2889 1838 2946 retroactum
1867 2896 1907 2936 aa·

236 2952 360 3025 pretium
371 2951 401 3006 in
420 2957 519 3022 aperto
529 2957 682 3022 statuatur,
698 2961 892 3035 appareatque
915 2957 983 3030 quid
1000 2958 1063 3015 ine·
1117 2974 1199 3023 mum,
1217 2957 1284 3013 item
1299 2956 1688 3027 episcopuaotqueitbstihum
1699 2960 1907 3024 Faustumsttuo
1949 2958 1950 2967 ’

235 3022 457 3104 rintetiamucuin
464 3022 990 3106 obscuriincognitiquepremerentur.
1007 3032 1063 3086 lloe
1078 3039 1101 3100 c
1118 3037 1144 3086 et
1154 3029 1273 3099 reliquos
1283 3026 1387 3098 tratres
1396 3028 1494 3084 insula
1507 3028 1665 3086 lirinensis
1688 3030 1821 3095 aarum,
1834 3027 1907 3094 atqu
1950 3040 1951 3103 ς

237 3107 339 3148 cumin
354 3091 418 3147 aliis
428 3096 620 3149 sanctissimis
631 3111 698 3150 viris
710 3099 879 3163 innumeris,
896 3103 956 3155 tum
971 3100 1064 3156 nomi·
1118 3100 1211 3166 dubio,
1226 3114 1315 3155 amors
1328 3115 1375 3155 uos
1387 3102 1434 3170 qut
1446 3099 1477 3154 in
1493 3099 1605 3155 Christo
1622 3117 1706 3157 usum
1720 3116 1811 3164 sumus,
1824 3095 1906 3165 digerri

238 3161 331 3244 natim
349 3160 379 3215 iu
388 3160 553 3243 'Volueriano
559 3163 772 3234 deprehendere
786 3166 852 3225 licet
866 3184 872 3225 :
889 3185 975 3240 quem
990 3175 1064 3227 tam·
1119 3188 1172 3227 son
1185 3169 1403 3239 possumusne
1418 3169 1447 3224 id
1460 3187 1574 3239 agamus
1586 3173 1706 3242 qualiter
1721 3175 1825 3228 curetur
1835 3174 1856 3223 et
1865 3164 1906 3245 olt-

238 3236 291 3289 etsi
304 3234 464 3313 sauchtatis
476 3247 594 3289 nomine
607 3238 751 3305 superstes
762 3237 860 3310 aliqua
886 3240 1065 3311 antiquitatis
1119 3247 1260 3310 iuuatur.
1287 3239 1354 3295 Erat
1375 3241 1539 3296 Theodorus
1559 3242 1710 3323 episeopus
1732 3238 1907 3313 rorojutienaa

240 3302 341 3386 aurula
354 3301 495 3383 illustrem
507 3303 591 3369 ferat,
603 3320 710 3376 magna
719 3311 816 3363 tamen
829 3307 1066 3394 hactenusinplo·
1120 3311 1258 3369 ldaiimas
1266 3326 1332 3365 iero
1343 3309 1521 3382 Rhegiensis,
1536 3328 1582 3367 cui
1594 3319 1694 3384 postea
1707 3315 1818 3370 Faustus
1825 3321 1908 3365 saroa·

239 3390 336 3459 risque
348 3375 517 3458 obscuritas.
532 3378 562 3431 et
575 3376 747 3458 communis,
764 3382 795 3433 ut
806 3378 846 3435 ita
858 3379 965 3447 dicam,
994 3383 1067 3439 liror
1120 3381 1654 3447 sor,husueccssormtadeumcanit
1683 3385 1817 3441 Sidonius.
1838 3383 1908 3435 tuot

239 3462 294 3503 aeri
307 3449 425 3529 pressit;
439 3450 480 3501 ita
495 3449 553 3528 utne
565 3447 705 3529 capitibus
714 3447 906 3520 propositisde
924 3451 987 3508 sola
998 3454 1067 3511 sede
1121 3453 1239 3509 suborta
1250 3451 1326 3506 inter
1336 3452 1445 3510 Theod.
1463 3453 1565 3510 Lerino
1575 3454 1702 3511 ricinum
1713 3460 1741 3512 et
1753 3455 1771 3510 F
1773 3457 1869 3509 austun

240 3521 352 3574 constet
359 3535 367 3587 ;
381 3532 409 3571 in
437 3521 557 3581 ceteris,
584 3521 749 3590 coniectura
773 3519 832 3577 iere
855 3522 993 3578 utendum
1019 3525 1065 3580 sit.
1122 3523 1177 3579 riui
1192 3522 1326 3578 abbatem
1339 3524 1692 3587 controversia,ttaximus
1706 3525 1793 3583 herini
1813 3516 1910 3578 otioso

241 3587 418 3646 conabimur
431 3585 619 3670 nibilominus
638 3604 656 3643 a
683 3590 750 3645 sede
773 3607 837 3663 quie
853 3592 1002 3665 explorata
1025 3600 1069 3652 est
1124 3597 1184 3659 has,
1200 3598 1268 3648 tunc
1280 3593 1616 3666 Rhegiensisepiscopus‚
1633 3614 1683 3669 pro
1703 3598 1800 3654 Fausto
1819 3598 1843 3650 et
1860 3588 1909 3645 tiri·

241 3663 355 3729 reptare
369 3658 404 3713 ad
419 3657 539 3742 reliqua.
704 3730 711 3742 .
875 3733 892 3746 .,
934 3735 940 3748 ⁸
1124 3663 1546 3747 nenslhusetetit.Ettempora
1569 3668 1680 3750 aeloca
1700 3658 1911 3749 consentierunt

243 3727 1070 3882 iiiditiiiiiiliiil?iiiiiiiiiiiil'tillii‘li
1123 3731 1912 3882 ltlttttttt'lttttttttittttitt{tritonii

242 3884 326 3925 renio
340 3872 496 3952 civitatem,
509 3871 592 3944 cujus
602 3886 677 3928 nunc
687 3873 733 3928 vix
746 3874 784 3929 all
807 3891 843 3931 ua
858 3879 963 3934 rudera
972 3896 1070 3951 super·
1124 3877 1194 3935 olim
1206 3877 1236 3932 iu
1249 3877 1397 3935 Lerineusl
1408 3878 1545 3934 asceterio
1557 3878 1831 3951 monachumegissc,
1840 3876 1913 3946 pastea

243 3944 310 3997 sunt
321 3956 409 4025 prope
423 3941 550 4025 Nicaeam
563 3941 691 4015 Satyrus,
704 3942 734 4028 in
749 3891 821 4003 cosse
836 3946 879 4003 cui
907 3950 1068 4006 etiamnum
1123 3949 1274 4022 attingam.
1291 3947 1347 4003 llas
1355 3949 1544 4022 conjecturas,
1556 3955 1588 4006 at
1598 3967 1656 4007 non
1680 3952 1801 4007 diitlteor
1812 3961 1863 4002 esse
1878 3940 1914 3996 ad·

242 4012 359 4069 Cornelii
383 4012 547 4084 appellatio,
570 4017 600 4070 et
622 4014 748 4073 florentis
797 4020 923 4076 uondam
946 4021 1070 4078 civitatis
1125 4020 1243 4076 modum
1254 4019 1423 4090 prohabiles,
1440 4020 1522 4076 rideo
1537 4023 1636 4077 tamen
1647 4018 1914 4096 conjecturalium

243 4083 324 4140 lama
336 4098 430 4140 rerum
443 4101 543 4168 vacua,
557 4085 651 4169 durat.
664 4087 737 4143 Nam
750 4032 910 4162 sisseiporm
921 4093 1012 4149 uidem
1026 4110 1070 4150 sa·
1123 4107 1184 4149 esse
1197 4095 1300 4173 etquis
1316 4089 1467 4171 indocilem
1487 4091 1626 4171 ‚animam
1653 4110 1728 4165 tegre
1752 4084 1915 4171 permorttflb

243 4170 334 4220 oram,
350 4155 415 4210 etS.
433 4157 525 4237 Pontii
540 4157 686 4212 abbatiam
699 4158 806 4226 demas,
832 4166 936 4218 caetera
961 4164 1067 4235 campi·
1125 4166 1282 4235 praesertim
1297 4178 1363 4232 quia
1378 4160 1406 4216 in
1418 4164 1509 4217 citatis
1523 4162 1653 4233 epistolis
1662 4169 1692 4222 et
1718 4160 1835 4219 oondlris
1857 4152 1917 4209 lale

244 4228 358 4281 tautmu
371 4230 448 4290 sunt,
458 4230 601 4293 etrroeta,
616 4227 663 4282 ubi
674 4229 832 4286 Cornelium
849 4231 911 4287 tuit.
925 4233 1068 4293 Nimirum
1125 4233 1224 4290 rianus
1238 4248 1381 4303 nusquam
1397 4231 1557 4303 appellatur
1569 4234 1761 4292 cemeliensis.
1784 4233 1835 4287 Nec
1859 4226 1918 4302 lot?

245 4299 277 4377 ut
290 4299 333 4352 est
346 4295 422 4378 apud
435 4296 584 4379 Senecam,
600 4296 683 4421 epist.
697 4297 728 4353 ill
752 4300 1007 4381 :uNiliitprioottm
1024 4306 1070 4363 ni·
1125 4320 1209 4370 naus,
1222 4303 1270 4374 qui
1282 4307 1346 4372 post
1359 4302 1545 4358 Valerianum
1563 4304 1750 4362 ascribiturin
1774 4299 1856 4359 citatis
1876 4308 1918 4377 ept-

245 4363 285 4420 Μ
295 4365 580 4434 vultuositatem.
619 4381 683 4448 'um
698 4368 839 4451 homanum
864 4389 944 4455 quom
958 4376 1069 4433 arbium
1088 4374 1215 4446 natalis,
1230 4372 1433 4430 dicituriuisse
1447 4375 1632 4446 metropolita
1660 4363 1919 4449 libredunensisftd·

244 4434 305 4504 suto
315 4437 510 4515 uoluunturllt
528 4436 605 4507 quod
618 4436 695 4519 idem
723 4444 792 4497 scite
816 4440 887 4499 dinc
910 4446 992 4516 epist.
1015 4448 1068 4503 ll:
1126 4462 1220 4519 queri
1235 4445 1297 4516 ipsa
1306 4444 1455 4515 posteriori
1471 4445 1633 4517 locopositis
1647 4440 1919 4519 lngenuiascriptwth

245 4504 333 4561 (Μ’
346 4510 411 4560 ‘W
422 4506 702 4577 WWMWPW’W,
717 4513 794 4566 nacti
810 4512 913 4584 mitat,
940 4533 1070 4585 creseere,
1126 4517 1266 4573 infirmari
1283 4515 1403 4580 ridetur,
1419 4520 1521 4573 utnon
1538 4533 1656 4589 urgeam
1672 4518 1747 4590 quod
1772 4515 1806 4572 ad
1831 4502 1920 4582 correrio¹

245 4573 394 4644 exstingui.
408 4574 490 4630 Nulli
499 4591 555 4630 eoa
567 4582 689 4633 correctus
700 4596 750 4636 auo
763 4587 810 4637 est.
827 4584 1072 4645 Omnelrumonum
1127 4585 1334 4659 plenitudinem
1348 4590 1398 4641 aat
1411 4586 1728 4714 titaliflposteaafpositi
1738 4585 1831 4642 illium
1841 4576 1921 4634 retem

245 4644 459 4718 penusquodque
472 4650 523 4711 est,
536 4648 661 4719 quodque
675 4651 1008 4715 momentanearum
1023 4667 1070 4715 est.
1127 4674 1208 4729 posse
1223 4656 1313 4721 rideo,
1333 4672 1400 4712 uem
1422 4674 1437 4712 e
1455 4674 1601 4729 episcopos
1617 4659 1624 4714 i

247 4715 348 4799 Omnes
363 4732 427 4801 quar
439 4732 557 4800 usquam
572 4734 669 4775 rerum
683 4720 935 4792 potiuntururhea,
961 4745 1073 4801 quaeque
1127 4727 1378 4791 Arelatensem,et
1410 4728 1579 4785 irersamab
1595 4724 1838 4786 Ebredunensicui
1856 4725 1923 4802 'emt‘

244 4785 401 4870 dunarum
415 4803 596 4860 imperiorum
609 4801 779 4871 magnasunt
789 4793 893 4871 decoro,
907 4796 955 4851 uhi
964 4800 1073 4869 suerint
1127 4799 1193 4856 lium
1209 4800 1315 4863 subest,
1331 4799 1444 4854 stabit
1468 4800 1547 4856 uensi
1575 4800 1619 4856 cui
1646 4801 1773 4873 suhjacet
1797 4795 1921 4867 lineato,

244 4858 396 4943 Quaado
410 4866 560 4942 quaretur.
578 4861 727 4932 Sapienter
744 4862 832 4919 etiarn
848 4865 883 4923 de
910 4875 1002 4925 morte
1014 4876 1073 4926 An·
1127 4869 1279 4953 pertinere.
1298 4869 1425 4941 Denique
1439 4817 1534 4942 piures
1548 4871 1634 4927 simul
1644 4873 1745 4927 eodem
1764 4874 1879 4937 tompore
1900 4871 1922 4910 ¹¹1

244 4929 400 5015 toniuslib.
412 4931 489 5015 iude
504 4934 560 4987 rito
576 4948 626 4989 sua
640 4948 720 5014 num.
736 4934 771 4989 38
785 4951 794 4991 z
811 4936 881 5003 Quot
908 4940 988 4995 urbes
1000 4958 1073 4996 mor·
1126 4942 1175 4997 illo
1187 4939 1286 4996 Galliae
1303 4945 1395 4996 tractu
1408 4941 1538 4998 floruisse
1553 4942 1718 4999 Valerianos
1729 4940 1873 5011 episcopos,
1886 4929 1924 4983 di

245 5006 359 5085 tuaac
374 5002 713 5087 ttaiitoomsuotillatore,⁸
726 5005 862 5088 Pompeii,
869 5008 1071 5076 Heraeorum,
1127 5017 1173 5069 cet
1183 5010 1331 5067 Gallorum
1342 5012 1539 5083 episcoporum
1554 5012 1674 5084 epistola
1689 5013 1724 5067 ad
1739 5012 1860 5066 sanctum
1871 5001 1923 5056 [Δι’

245 5077 270 5128 et
283 5072 346 5155 ulra
369 5090 532 5131 trinumera.
561 5076 618 5131 Nec
646 5075 823 5134 dissimiliter
850 5080 879 5135 S.
904 5082 1072 5139 Ambrosius
1127 5099 1204 5147 nem,
1225 5087 1254 5139 et
1265 5083 1394 5155 ejusdem
1407 5083 1549 5153 pontilicis
1565 5086 1600 5139 ud
1614 5099 1663 5139 eos
1673 5082 1842 5153 rescriptum,
1864 5066 1924 5143 qo⁰d

245 5147 328 5215 epist.
343 5145 371 5211 8,
382 5162 451 5231 ‘quae
466 5150 510 5202 est
522 5146 559 5201 ad
572 5146 751 5214 Faustinum,
768 5153 912 5207 memorat
924 5155 1073 5212 semirutu—
1127 5159 1171 5211 est
1184 5154 1260 5210 inter
1268 5153 1403 5224 epistolas
1412 5154 1457 5217 tr,
1473 5160 1505 5210 ut
1519 5155 1602 5226 plane
1610 5155 1748 5210 incertam
1763 5148 1820 5207 fieri
1831 5151 1925 5201 necem

245 5217 437 5273 romaricum
452 5215 596 5285 caddono,
623 5222 820 5293 terrorumque
837 5222 886 5278 auh
898 5224 986 5280 eodem
1012 5243 1072 5281 ron·
1128 5225 1165 5280 sit
1178 5225 1241 5296 quis
1256 5241 1356 5281 eoram
1366 5224 1421 5280 boc
1431 5228 1529 5281 nostro
1545 5226 1861 5297 recurratouaniquau)
1873 5222 1925 5267 tum

245 5292 336 5355 spectu
348 5290 471 5369 adposito
484 5287 593 5369 [uma.
607 5290 648 5345 Ad
678 5288 730 5372 has
754 5292 909 5349 Cemelium
935 5296 1071 5369 adjungo,
1128 5312 1179 5367 pro
1195 5295 1340 5350 valeriano
1357 5294 1451 5368 plures
1463 5301 1627 5367 suppetant,
1650 5300 1678 5351 et
1694 5294 1799 5365 reliqua
1810 5283 1925 5410 ιάΙιῦῦΰῐι

245 5368 332 5423 quam
347 5359 629 5439 vixissetaliquando,
645 5358 869 5432 aecingloriam,
886 5367 987 5423 rudera
1000 5367 1074 5423 indi·
1127 5367 1317 5424 consentiant.
1334 5383 1389 5422 non
1400 5365 1507 5438 injuria
1518 5367 1698 5423 existimatur
1711 5378 1805 5420 eorum
1820 5363 1924 5426 atquem

245 5427 323 5489 caut,
336 5430 366 5479 et
376 5427 460 5483 Plinii
474 5444 508 5484 ac
523 5436 647 5486 veterum
663 5435 892 5504 geographorum
908 5438 1074 5495 testimonia
1128 5453 1189 5493 csse
1202 5437 1277 5492 huno
1293 5437 1384 5509 ipsum
1396 5454 1482 5508 quam
1512 5438 1645 5494 noerimus
1660 5435 1836 5492 Valerianum
1845 5429 1924 5482 came·

246 5495 580 5578 nonobscureprodunt.
633 5569 638 5580 Ι
683 5569 689 5582 ι
1128 5508 1484 5564 liensem.l]tita0mniuo
1525 5511 1596 5565 abeo
1613 5521 1788 5579 persuasum.
1805 5504 1839 5556 tte
1861 5491 1924 5547 Vale·

280 5561 306 5617 ³.
323 5564 362 5618 Er
375 5571 530 5647 constituta
545 5568 690 5651 talariam
703 5572 770 5628 sede
794 5591 850 5631 non
873 5577 1014 5633 invalidat
1038 5580 1074 5636 de
1127 5580 1202 5636 riani
1217 5595 1280 5635 aero
1295 5578 1375 5634 satis.
1908 5627 1913 5639 .

245 5649 305 5690 asro
319 5639 617 5759 conssecturaducitur.
627 5640 702 5695 Nam
711 5644 981 5713 exepistolallilarii
991 5665 1073 5723 papae
1163 5648 1393 5705 susurramus
1406 5650 1527 5707 obscura
1546 5654 1598 5707 est.
1609 5649 1652 5705 Ex
1661 5648 1742 5704 dictis
1756 5644 1827 5702 enim
1837 5646 1925 5712 perspi·

244 5704 283 5760 ad
296 5720 367 5777 quos
392 5722 440 5760 ain
455 5706 554 5763 Gallice
565 5709 850 5783 episcoposbabetur,
856 5719 969 5775 demeto
979 5720 1071 5777 sancti
1128 5736 1213 5776 cuum
1225 5719 1337 5776 ridetur
1348 5718 1462 5778 Gallum
1471 5721 1569 5789 subse,
1578 5724 1607 5780 et
1618 5720 1705 5778 aedes
1719 5711 1857 5773 consentit
1869 5707 1929 5762 bam

1638 4659 1681 4715 los
1707 4659 1743 4714 ad
1766 4645 1921 4776 metropolim
