4009 6192
232 278 310 340 iusi
587 272 622 335 r.
642 269 792 335 aalma
811 264 1049 332 nxssmririu
1067 263 1106 328 ni
1125 265 1157 328 s.
1178 265 1353 331 ricmiri.
1369 264 1503 330 -can
1523 265 1599 330 viii.
1829 271 1879 334 ilii
1940 246 1941 259 '

230 406 380 468 Paschatis
392 408 475 489 nocte
489 422 496 464 ε
512 407 598 476 atque
615 403 662 487 liic
673 406 825 485 propterea
846 399 933 485 tuerit
950 399 1056 484 Nicetes
1071 398 1095 460 h
1109 399 1259 468 injiciamus
1272 398 1377 471 lipsium
1391 399 1424 484 iis
1437 414 1535 470 paoem
1545 398 1657 483 ‘ipsiusj
1672 397 1711 454 its
1721 396 1884 483 illuminandus

232 497 335 552 scopus
348 478 377 534 in
397 477 492 533 libello
506 476 625 558 desipies
637 473 773 557 punctulis
788 474 918 555 Victurus,
934 486 981 543 qui
996 486 1058 553 sex·
1110 469 1310 542 alloquebatur
1328 488 1335 527 :
1354 492 1365 521 a
1383 472 1412 527 Si
1426 472 1455 527 te
1470 473 1607 527 [lominus
1621 470 1735 553 dignum
1747 470 1884 537 babueritii

231 556 323 679 {usbett
335 549 453 674 ultdinius
472 551 515 671 aa}
538 562 570 671 a?
585 546 664 601 libris
679 562 727 601 seu
742 545 923 601 sermonibus
942 542 978 597 ab
996 556 1057 613 ipso
1110 549 1255 667 posterum
1267 556 1430 613 cognosces,
1441 543 1518 614 quod
1531 558 1630 612 corpus
1640 544 1779 623 eyusyuxla
1794 542 1886 615 Eiange

255 638 368 678 aiisa
403 633 503 688 compe
516 633 551 672 en
566 632 605 672 es.

1122 630 1192 676 ium,
1206 613 1328 684 liguram
1340 612 1446 669 larebat
1457 612 1550 684 panis.
1565 611 1886 683 »illuminandisitaquaid

269 690 415 749 Sermonis
424 687 620 751 nihilominus,
630 686 921 771 quiadcompelenles
929 683 1058 755 apposita
1110 687 1154 739 est
1168 684 1405 755 competentibus,
1420 701 1453 740 ex
1467 681 1572 741 silentii
1585 682 1729 754 religione,
1746 682 1886 740 eucharistia

233 763 347 819 habitus
371 758 458 815 luerit
471 760 507 814 de
530 757 709 815 eucharistiae
727 759 918 820 sacramento,
938 754 985 809 rix
1000 754 1058 810 alia
1111 754 1277 827 mysterium
1292 756 1419 812 nondum
1432 756 1624 826 aperiebatur,
1640 754 1689 810 sed
1701 753 1885 825 aperiendumia

233 833 353 899 mentio,
367 834 418 887 aut
431 845 467 885 ne
478 828 524 884 rix
546 830 661 900 quidem
676 828 800 884 occurrit
813 827 841 882 in
858 831 919 882 tota
932 825 1058 895 antiqui·
1110 831 1253 951 {asseram
1262 826 1491 897 promittebatur,
1503 826 1527 881 si
1539 841 1587 882 eos
1600 825 1735 881 Dominus
1744 824 1887 895 dignoseaet

233 907 303 967 tate,
312 918 369 958 uno
379 900 434 957 hoc
443 904 560 971 excepto
576 899 690 958 Nicetes.
700 899 748 971 qui
759 898 847 955 etiam
858 896 952 970 periit,
970 900 998 952 ct
1012 912 1058 951 cu·
1132 896 1364 968 abiturus3idcst
1375 898 1398 952 si
1409 914 1491 953 sacru
1504 895 1755 968 baptismatediyni
1764 911 1886 952 essemere

229 974 279 1046 jus
293 973 495 1028 tantummodo
509 969 624 1027 titulum
639 970 721 1026 nobis
740 969 864 1026 servarit
882 967 1057 1026 Gennadius.
1112 970 1220 1031 rentur,
1244 968 1349 1024 auditis
1369 968 1573 1033 catechesibus,
1588 966 1759 1038 peractisque
1770 967 1886 1021 scrutiniis.

233 1043 307 1111 Ouid
316 1043 403 1115 igitur
412 1040 979 1102 ita?Sanedeeucharisliaesacramento,
987 1054 1059 1093 nun·
1113 1038 1262 1104 Ouidrero
1271 1039 1342 1094 illud
1354 1040 1387 1096 in
1401 1046 1539 1111 posterum
1548 1054 1581 1094 ex
1593 1042 1694 1094 sancto
1703 1037 1814 1109 Cyrilloi
1823 1037 1887 1108 Expli·

233 1113 439 1179 duminiliatis,
456 1112 569 1183 pleuaa
603 1130 637 1168 ue
647 1112 779 1169 absoluta
787 1108 1059 1179 institutioantiqui·
1112 1113 1159 1165 cat
1179 1110 1363 1182 semetipsum
1389 1114 1505 1165 sanctus
1521 1109 1617 1174 Pater,
1641 1111 1677 1166 de
1703 1107 1887 1179 hocoppermou

233 1189 279 1241 tus
294 1201 352 1241 non
367 1184 498 1245 dabatur.
515 1200 549 1240 cx
563 1183 591 1238 di
605 1183 715 1254 igenter
726 1187 794 1238 tunc
806 1181 949 1237 custodita
959 1179 1058 1236 arcani
1112 1182 1241 1252 tempore
1251 1181 1396 1253 aperiendi
1406 1180 1602 1237 illuminandis
1611 1179 1781 1236 eucharistias
1789 1178 1887 1248 nyseni,

233 1256 384 1328 disciplina
400 1273 406 1311 :
423 1254 552 1310 nondum
567 1271 634 1311 vero
649 1253 755 1309 initiali
769 1252 960 1309 censebantur
975 1251 993 1305 li
1008 1249 1059 1323 qui
1112 1250 1143 1305 in
1158 1251 1298 1307 catechesi
1312 1254 1357 1315 l8,
1374 1268 1436 1324 que
1448 1249 1582 1308 similiter
1595 1256 1639 1307 est
1651 1252 1686 1305 ad
1700 1250 1802 1307 eosdem
1814 1248 1888 1304 illumi·

233 1327 352 1382 salutari
367 1326 481 1381 lavacro
494 1325 622 1380 nondum
637 1329 721 1381 erant
742 1323 839 1388 abluti,
855 1323 914 1378 siis
928 1321 1060 1377 catechu·
1113 1323 1239 1388 nandos;
1258 1322 1303 1378 ubi
1317 1324 1410 1394 capite
1429 1322 1463 1377 32
1475 1326 1504 1379 et
1516 1324 1551 1378 33
1565 1322 1594 1377 in
1609 1321 1756 1378 catechesis
1766 1319 1888 1392 epilogoila

234 1397 312 1453 meni
327 1396 345 1451 ii
362 1400 467 1459 essent,
484 1394 543 1451 sive
558 1395 646 1451 etiam
661 1398 866 1467 competentes.
881 1394 1061 1463 Quapropter
1114 1409 1162 1449 eos
1177 1392 1339 1465 alloquitur.
1351 1415 1366 1443 a
1381 1395 1494 1451 Fratres
1508 1392 1615 1460 dilecti,
1631 1409 1679 1448 iios
1693 1407 1784 1447 omnes
1794 1391 1888 1446 hortatui

234 1471 350 1523 sanctus
364 1466 534 1525 Ambrosius
562 1465 701 1522 uilibrum
712 1465 825 1536 scripsit
835 1466 869 1520 de
877 1463 1016 1536 Mysteriis
1023 1462 1061 1518 ad
1113 1464 1309 1536 preceptionis
1323 1464 1410 1547 hujus
1419 1481 1525 1531 sermo,
1539 1469 1571 1520 ut
1586 1464 1713 1520 animam
1725 1463 1757 1518 ad
1770 1460 1888 1518 caelestium

234 1554 327 1607 nuper
349 1537 551 1608 baptizatos‚u
572 1536 581 1591 i
600 1537 689 1593 etiam
704 1536 788 1594 tertio
807 1536 869 1591 loco
883 1552 915 1591 ex
931 1533 1060 1606 professo
1116 1535 1257 1590 donorum
1265 1535 1691 1607 receptionemcomparctis.lle
1701 1531 1889 1589 traditaiobisid

234 1609 297 1680 agit
308 1610 343 1665 de
353 1607 533 1664 eucharistiae
546 1612 737 1675 sacramento,
748 1605 949 1678 quodquidam
961 1604 1062 1660 asserit
1114 1605 1310 1662 confitendum
1319 1611 1418 1662 sancta
1429 1611 1458 1662 et
1472 1605 1629 1678 apostolica
1638 1603 1889 1676 lide‚quodlicetcate

233 1682 272 1735 ab
287 1679 355 1751 ipsis
364 1682 512 1750 acceptum
521 1678 619 1735 statim
630 1682 694 1750 post
703 1678 888 1749 baptismum,
901 1677 941 1731 ita
951 1677 989 1731 ad
999 1692 1061 1732 eos·
1115 1678 1212 1732 cheses
1227 1676 1256 1732 in
1271 1678 1423 1747 praeteritis
1436 1676 1514 1733 hisce
1530 1676 1757 1747 Quadrupesimaa
1769 1674 1890 1743 diebuspei

233 1752 302 1806 dem
317 1750 488 1821 loquebatur
501 1750 594 1820 capite
609 1756 633 1816 l,
648 1751 777 1805 numi:
794 1769 808 1799 ii
820 1748 900 1805 Nunc
910 1748 944 1802 de
955 1751 1097 1818 mystess
1116 1748 1226 1803 Domini
1254 1745 1889 1815 ratiamdiximus...lnstanleiierodeincepssar

233 1821 284 1877 riis
297 1821 389 1876 dicere
404 1825 516 1891 tempus
531 1820 677 1886 admonet,
691 1824 777 1892 atqua
791 1819 883 1891 ipsam
896 1834 1061 1874 sacramen·
1115 1822 1160 1874 cto
1166 1765 1312 1874 Paschatis
1322 1819 1377 1885 die,
1388 1820 1457 1874 dum
1468 1823 1561 1874 vestra
1569 1818 1599 1874 iii
1610 1818 1720 1874 Christo
1730 1833 1774 1888 per
1782 1816 1890 1871 lavacrum

233 1896 330 1948 torum
346 1889 489 1947 rationem
499 1891 584 1947 edere
595 1907 698 1963 :quam
713 1895 780 1948 ante
793 1890 968 1961 baptismum
977 1888 1000 1944 si
1010 1905 1058 1960 pu·
1114 1905 1145 1945 re
1165 1889 1339 1945 enerationis
1353 1890 1478 1946 charitas
1493 1889 1716 1953 illuminabitur;
1740 1887 1836 1949 iterum,
1851 1883 1890 1938 llas

233 1966 377 2019 lassemur
391 1961 594 2017 insinuandam
609 1963 737 2018 nondum
757 1961 888 2026 initialis,
903 1958 1060 2031 prodidisse
1115 1907 1237 2026 sciente,
1252 1960 1287 2017 de
1301 1959 1336 2017 iis
1358 1977 1422 2033 quas
1436 1964 1631 2017 consentanea
1658 1963 1721 2015 suxit
1739 1954 1889 2014 erudienioi:

236 2033 331 2105 potius
343 2049 429 2104 quam
453 2032 577 2089 edidisse
589 2033 794 2089 aestimaretur.
809 2031 983 2088 illationem
993 2047 1059 2087 vero
1115 2035 1224 2102 quanta
1234 2031 1371 2088 nimirum
1380 2049 1444 2087 cum
1455 2031 1571 2103 pietate,
1581 2036 1658 2087 etc...
1668 2033 1797 2101 ctquanta
1807 2040 1891 2082 cunie

234 2104 324 2160 aliam
337 2103 492 2176 subjiciens
504 2103 590 2177 hujus
602 2103 707 2161 silentii
722 2104 764 2160 sui
779 2102 904 2160 dehisce
919 2118 946 2156 m
968 2101 1060 2158 sterila
1115 2102 1244 2158 verentia
1256 2107 1341 2175 atque
1356 2102 1456 2160 ordine
1469 2107 1603 2174 oporteat
1616 2119 1633 2157 a
1647 2102 1804 2172 baptismate
1814 2097 1891 2152 adun

235 2175 463 2258 antebaptisma,
478 2174 518 2230 ita
529 2175 709 2300 prosequitur
723 2191 730 2230 :
742 2195 757 2227 a
769 2175 877 2229 Deinde
885 2120 966 2256 quody
971 2172 1061 2254 inopi·
1115 2176 1192 2229 ctum
1201 2172 1251 2229 Dei
1266 2174 1355 2230 altare
1369 2174 1456 2300 ²33
1471 2175 1636 2257 procedere,
1650 2169 1865 2251 spiritualibusque
1872 2168 1890 2245 el

233 2248 370 2301 nantibus
386 2245 487 2300 melius
499 2261 529 2301 se
547 2245 610 2316 ipsa
636 2262 671 2301 ux
693 2245 895 2318 mysteriorum
911 2242 1059 2313 infuderit,
1115 2242 1391 2316 coelestibusquaeibi
1418 2240 1890 2315 istribuunturmysteriislrui;ulaui·

232 2331 321 2386 quam
336 2315 359 2370 si
372 2331 437 2369 eam
461 2332 556 2371 sermo
571 2315 673 2388 aliquis
683 2315 923 2398 praecucurrisset.
945 2335 956 2363 i
978 2314 1061 2369 Patet
1116 2332 1165 2370 rna
1175 2318 1269 2371 restra
1281 2332 1331 2386 per
1340 2315 1648 2372 doctrinaesermonem
1656 2315 1730 2386 prius
1738 2312 1891 2377 illustralaper

234 2385 312 2448 hinc,
328 2391 356 2441 et
372 2385 466 2456 reipsa
486 2385 615 2441 nondum
631 2386 759 2441 initiatos
777 2385 978 2457 intelligendos
998 2399 1060 2440 esse
1115 2384 1227 2458 singula
1239 2386 1416 2468 cognoscatis
1430 2386 1643 2458 impartitarum
1657 2384 1733 2441 robis
1744 2400 1759 2438 a
1771 2383 1818 2436 [leo
1829 2379 1890 2433 dono·

233 2456 324 2510 etiam
334 2459 525 2526 competentes
534 2454 610 2526 ipsos
621 2460 689 2513 aute
698 2455 989 2528 baptismum,quibus
997 2471 1060 2526 pro-
1114 2472 1179 2510 ram
1191 2456 1429 2529 magnitudinem.
1444 2459 1510 2513 Post
1521 2461 1655 2514 sanctum
1666 2472 1729 2512 reru
1739 2459 1766 2511 el
1774 2452 1890 2508 salutum

234 2530 333 2598 pterea
347 2534 590 2583 sacramentorum
601 2527 675 2584 ratio
695 2527 824 2584 nondum
838 2530 899 2583 aral
912 2525 1059 2583 insinuari·
1115 2525 1260 2582 Pascbatis
1269 2527 1513 2592 diem‚asacuada
1519 2529 1704 2584 sabbatorum
1714 2519 1890 2581 dieiiicboando,

234 2597 274 2653 da
282 2615 291 2669 3
305 2601 334 2653 et
348 2597 457 2653 nullum
479 2614 591 2670 quoque
620 2599 777 2654 recessisse
791 2614 951 2654 sermonem
961 2598 997 2653 ad
1012 2612 1060 2653 eos
1115 2597 1233 2669 siugulis
1248 2599 1488 2670 consequentibus
1501 2599 1692 2655 habdomades
1710 2596 1823 2653 diebus...
1834 2589 1890 2646 alias.

233 2669 272 2751 de
282 2667 395 2752 eisdem·
407 2669 559 2752 mysteriis,
572 2616 645 2726 adeo
655 2674 684 2724 ut
697 2669 912 2741 inopinantibus
924 2668 1061 2739 mysteria
1116 2669 1174 2751 ileo
1189 2669 1311 2735 volente,
1329 2669 1489 2753 catecheses
1504 2670 1628 2727 audietis
1642 2687 1649 2736 ;
1665 2669 1693 2725 in
1707 2667 1797 2751 quibus
1808 2674 1891 2718 ruisuai

234 2739 1059 2894 ¹ltl‘tltltt‘lltltltttllittllltlta
1115 2739 1891 2868 tltllttlitlffatitlil.l“ttt.‘tt'¹⁰tttlltl

234 2827 352 2938 {gerunt
364 2899 381 2938 a
394 2882 459 2937 divo
469 2827 786 2965 ’AugustinojsermorFes
802 2881 845 2966 illi
852 2856 900 2953 qui
911 2898 938 2964 in
954 2884 1000 2938 die
1011 2882 1060 2938 Pa·
1116 2854 1676 2966 habenturnoriTestamentimysteriis.
1685 2827 1890 2965 quaghinciuitiuii

233 2952 310 3009 sebas
324 2954 360 3007 de
377 2954 572 3009 sacramentis
581 2959 658 3018 suxit,
672 2960 712 3020 ut,
724 2953 845 3024 exempli
857 2956 958 3025 gratia,
969 2968 1060 3078 auger
1115 2969 1258 3025 accepere,
1274 2953 1412 3025 quidnam
1425 2955 1461 3011 de
1480 2953 1516 3009 iis
1531 2955 1635 3010 divina
1647 2955 1789 3024 Scriptura
1800 2942 1890 3002 male

233 3022 408 3088 citatus22'l,
426 3023 658 3096 elaliusquoque
672 3024 735 3089 229,
753 3024 783 3079 in
799 3025 902 3096 quibus
911 3024 947 3079 de
957 3039 1010 3080 euc
1031 3041 1059 3080 a·
1115 3023 1183 3089 rint,
1200 3041 1297 3096 quaeve
1318 3024 1433 3080 illorum
1457 3024 1495 3081 sit
1509 3025 1551 3081 ris
1564 3042 1601 3081 ac
1615 3028 1743 3096 potestas.
1758 3022 1888 3088 atquonau

232 3092 321 3173 ristise
336 3098 517 3149 sacramento
527 3094 595 3166 agit,
611 3098 640 3150 et
651 3096 797 3151 desudem
808 3095 848 3151 uti
861 3095 898 3150 ab
907 3094 976 3165 ipsis
988 3110 1060 3165 prae·
1073 3114 1097 3179 ο
1115 3096 1202 3150 niodo
1209 3096 1247 3151 ad
1258 3111 1293 3152 ea
1300 3096 1494 3151 accedendum
1509 3095 1555 3163 sit,
1569 3099 1600 3153 et
1610 3096 1731 3168 quando,
1743 3107 1771 3147 ac
1781 3083 1888 3163 quomedo

232 3164 319 3217 terita
334 3166 417 3218 nocte
426 3168 557 3243 suscepto
572 3168 637 3247 post
650 3165 835 3235 baptismum.
853 3166 974 3222 Sanctus
990 3182 1059 3236 quo·
1114 3165 1164 3222 illa
1178 3166 1310 3223 habenda
1321 3165 1410 3223 sirit...
1428 3167 1463 3222 Et
1473 3166 1670 3239 hacquidem.
1683 3166 1705 3223 si
1718 3165 1783 3219 Deus
1794 3156 1888 3238 voluerit

233 3247 289 3301 qua
303 3232 478 3287 Gaudentius
506 3234 667 3299 Brixiensis,
690 3252 873 3306 nequaquam
888 3236 926 3291 ad
946 3252 1060 3307 compe·
1114 3236 1227 3294 anobis
1241 3236 1463 3309 explicabuntur.
1481 3259 1496 3287 o
1516 3239 1559 3294 lta
1573 3243 1688 3294 sanctus
1705 3232 1811 3305 cyrillus
1822 3228 1888 3305 llieru

233 3305 336 3385 tentes.
351 3303 401 3358 sed
420 3303 456 3357 ad
471 3319 600 3375 egressos
615 3321 632 3359 a
648 3304 727 3360 lonte
740 3306 908 3376 neophytos,
923 3307 1008 3362 idest
1022 3307 1059 3363 ad
1114 3307 1156 3362 sol
1209 3307 1368 3364 iunianis
1383 3308 1471 3380 igilur
1483 3308 1552 3392 quid
1559 3326 1611 3380 per
1624 3308 1692 3364 illud
1705 3309 1732 3362 ia
1741 3309 1852 3376 postam
1858 3309 1888 3348 iii·

232 3376 332 3428 statim
343 3373 508 3444 baptizatos,
527 3378 681 3431 tractatum
689 3391 772 3431 suum
783 3375 879 3438 habet,
894 3392 943 3432 seu
952 3393 1060 3432 serino·
1112 3379 1150 3432 tel
1165 3378 1263 3443 exerit,
1279 3380 1375 3461 quoad
1388 3379 1564 3435 eucharistie
1579 3377 1705 3453 mysterii
1716 3370 1887 3446 explicationem

231 3445 1059 3517 nemsecundum,dcltationeSacramentorum,inquode
1116 3447 1336 3517 faciendamiis,
1365 3438 1888 3523 uibuscumtnnclcquebaturillumiiaa

232 3515 412 3599 eucharistiae
427 3519 707 3645 sacramentaquod
722 3534 788 3573 mox
803 3517 1059 3587 accepturiessent,
1114 3519 1169 3587 rtis,
1181 3535 1232 3575 seu
1246 3519 1339 3591 potius
1375 3521 1454 3576 atino
1469 3521 1575 3577 dixeris
1601 3537 1680 3577 more
1697 3509 1887 3588 competentibus·

232 3603 282 3642 eos
297 3586 462 3658 alloquitur.
477 3587 550 3654 Quid
563 3605 631 3662 erqo
669 3588 829 3645 Prodidisse
843 3588 970 3645 dicemus
980 3589 1059 3645 Nice·
1114 3589 1263 3662 Duplicem
1273 3589 1410 3647 nimirum
1421 3592 1556 3664 loquendi
1569 3592 1742 3649 occasionem
1754 3574 1887 3641 indicante

231 3660 295 3740 tam
308 3663 439 3714 nostrum
462 3659 674 3716 sanctissimum
689 3659 866 3717 eucharistici
880 3659 1059 3731 mysterium,
1115 3660 1316 3733 hucmysterio
1326 3678 1332 3712 :
1343 3662 1464 3719 alteram
1475 3679 1580 3734 nempe
1592 3665 1708 3719 ioslaiila
1718 3645 1888 3729 moctoPttfit·

232 3744 283 3798 qui
305 3729 340 3783 de
354 3730 457 3785 eodem
482 3730 589 3787 librum
609 3731 731 3803 scripsit,
754 3748 804 3788 seu
829 3747 1004 3797 sermonem,
1022 3731 1060 3787 ad
1115 3731 1215 3814 liudis,
1235 3734 1304 3788 dum
1315 3732 1441 3805 jamjam
1458 3749 1510 3804 pei·
1522 3734 1664 3791 lavacrum
1685 3726 1887 3813 reyemrolluwffl

232 3801 607 3953 cogieteitiffguueffiyylam·alque
627 3871 830 3943 illustrandam
851 3889 912 3929 reni
927 3889 989 3929 esse
1004 3872 1062 3929 exi·
1115 3793 1887 3948 3123&ngigfiliitl'i'llitgszdpotgiqiff,ganelilgtkiiedvalhtlffi

232 3942 330 4006 alima,
343 3947 383 4001 ul.
413 3942 462 3997 uid
475 3957 515 3997 rei
537 3958 569 3998 sa
579 3942 680 3999 Nicetes
692 3942 787 4009 luerit,
798 3948 918 4000 autesse
945 3943 1059 4011 otuerit,
1116 3945 1244 4017 mysterii
1259 3945 1347 4001 fldem
1359 3962 1393 4001 ac
1406 3947 1613 4014 reverentiam3
1628 3945 1702 4017 quod
1713 3943 1740 3997 iu
1749 3930 1888 4005 competenti

231 4026 329 4095 sermo
338 3957 478 4096 'sarisber
494 3959 777 4098 agcompetentesde
787 3961 1006 4097 Aqui-poscitote·
1016 4015 1060 4070 l's'·
1115 4016 1167 4071 biis
1177 4016 1240 4087 jam
1255 4015 1285 4072 iii
1299 4015 1436 4084 religione
1449 4034 1548 4073 recens
1563 4016 1697 4073 institutis
1712 4009 1888 4083 operositatel

230 4088 328 4165 elsarn,
338 4083 541 4156 intelligamus.
551 4087 608 4141 Etsi
619 4101 697 4142 enirn
708 4086 1060 4158 eucharistimmysterium
1116 4102 1174 4141 non
1188 4092 1298 4157 poterat
1314 4104 1322 4142 .·
1337 4087 1460 4144 atteram
1481 4105 1547 4144 iero
1570 4087 1714 4151 fusiorem,
1775 4076 1888 4157 illidi*

233 4168 267 4208 ex
278 4170 313 4208 iis
324 4159 398 4210 esset
413 4171 477 4227 qua
488 4158 617 4212 nonduin
628 4156 755 4219 initiatis,
767 4157 1060 4229 ideoqueipsisetiam
1116 4158 1264 4214 Pasclioti‘s
1277 4158 1356 4226 diem,
1370 4160 1399 4214 in
1419 4158 1483 4215 aliis
1494 4159 1687 4216 catechesibus
1698 4172 1732 4222 ;u
1750 4152 1757 4206 i
1773 4149 1802 4204 de
1811 4159 1839 4227 {¹³
1847 4147 1888 4209 Ψ

231 4226 471 4308 competentibus,
481 4227 674 4297 patelierinon
683 4229 835 4300 oportebat
845 4245 851 4295 ;
862 4227 1059 4294 nibilominus,
1116 4228 1146 4282 iii
1159 4228 1247 4283 ultori
1253 4230 1389 4285 habentor
1398 4231 1464 4287 noui
1476 4223 1639 4286 Testamenti
1645 4223 1775 4300 mysteriis
1784 4204 1888 4291 qssldledf

232 4297 436 4365 cumeiusdem
452 4298 1060 4370 mysteriiparticipesessedebereuteadem
1116 4299 1263 4356 iisdirinae
1272 4300 1424 4372 Scripturas
1434 4301 1717 4371 tradiderintquaiie
1726 4287 1887 4367 illorimutvl

233 4365 349 4447 Pascha
365 4373 457 4433 nocte,
482 4385 539 4439 qua
562 4386 613 4452 per
628 4370 774 4426 lavacrum
807 4371 1060 4441 regenerabantur,
1115 4376 1289 4441 ucpolestos,
1305 4388 1335 4426 se
1349 4360 1886 4444 dicturumpromittitfltenimbicaalt·

233 4434 364 4490 flerinon
382 4441 495 4507 poterat
504 4442 538 4493 ut
547 4441 677 4510 ejusdem
693 4441 812 4497 omnino
824 4440 905 4496 inscii
918 4446 1004 4512 atque
1014 4457 1060 4496 rn-
1075 4476 1098 4539 ὓ
1116 4444 1160 4495 tat
1171 4441 1346 4497 clarissimus
1360 4458 1473 4513 quoque
1488 4443 1695 4516 Cyrillanorum
1710 4439 1817 4516 Operum
1859 4422 1888 4471 ¹⁰³

235 4503 442 4586 desadsacram
454 4523 586 4565 mensam
598 4512 828 4568 admitterentur.
836 4513 903 4568 uec
910 4516 1060 4585 propterea
1115 4512 1242 4577 Toutlee,
1261 4536 1272 4562 ι
1290 4515 1360 4569 Cum
1376 4513 1405 4569 in
1420 4514 1615 4570 catechesibus
1627 4518 1691 4568 ante
1702 4500 1886 4578 baptismium

234 4573 321 4657 fuisse
336 4577 447 4659 ridetur
466 4593 552 4659 super
566 4579 619 4635 hac
635 4597 665 4636 re
677 4581 793 4637 illorum
813 4588 974 4655 temporum
986 4599 1060 4639 mco·
1118 4582 1161 4638 las
1175 4587 1251 4638 esset
1262 4583 1439 4655 baptizandis
1451 4586 1586 4656 mysteria
1592 4583 1709 4655 aperire,
1719 4593 1765 4634 nec
1774 4570 1887 4637 ancelli

235 4660 335 4700 nomia
350 4649 398 4701 :ut
415 4663 552 4703 nimirum
573 4649 643 4704 nihil
654 4651 772 4707 omuino
783 4657 988 4724 competentes,
1000 4658 1061 4709 toto
1116 4655 1153 4709 ad
1164 4652 1212 4709 illa
1226 4654 1384 4725 imparatos
1396 4672 1429 4711 ac
1439 4671 1660 4727 prorsuseorum
1673 4649 1807 4723 inscientes
1815 4632 1887 4691 alul·

234 4732 269 4773 eu
282 4720 410 4788 tempore
423 4735 480 4803 quo
495 4720 532 4803 ad
548 4720 722 4791 baptismum
735 4722 822 4777 etiam
839 4724 967 4794 proxime
983 4741 1061 4780 com·
1115 4728 1176 4780 tere
1191 4730 1357 4796 oporteret;
1372 4725 1470 4784 fusiori
1485 4726 1600 4782 illorum
1615 4721 1777 4797 expositione
1785 4703 1885 4795 ο1118ψῖ

235 4788 421 4861 parabantur,
436 4790 669 4863 intelligerentde
680 4792 859 4849 eucharistias
870 4794 1062 4864 mysteri03ut
1115 4811 1205 4866 quens
1220 4798 1333 4867 tempus
1347 4797 1447 4863 dilata,
1462 4797 1491 4853 in
1507 4797 1568 4869 ipsa
1583 4801 1664 4854 nocte
1680 4785 1791 4865 paschali
1802 4781 1829 4834 de
1840 4780 1886 4886 ¹th

235 4859 1061 4935 dehocnonnisiinstantePaschatisdicquambierissime
1116 4855 1873 4940 brevitei,etquantumpertempuslicehat.aotes⁰⁸ffl⁸

235 4931 432 5016 edocerentur,
451 4937 480 4990 et
493 4950 527 4990 ea
547 4939 660 4991 tantum
677 4952 738 5006 qua
761 4936 798 4990 ad
812 4934 971 5007 simplicem
986 4935 1060 4991 tanti
1115 4953 1148 4992 ea
1156 4937 1333 5003 accederent,
1345 4941 1559 4996 erudiebantur.
1570 4963 1584 4990 s
1599 4936 1736 4995 Fusiorem
1748 4918 1884 5028 illinita·

233 5008 364 5158 tulit
378 5005 1061 5161 itttttfftttltlittatttlttttr
1115 4988 1882 5153 titilihlht‘ltatttlllttliliitlthllllt

233 5145 282 5201 sia
291 5146 565 5231 disciplinanonnisi
576 5148 1061 5221 initiatistradebantur,pleoiusat·
1116 5165 1205 5220 eaque
1217 5159 1260 5206 ext
1275 5098 1431 5208 calecgcsis
1440 5153 1475 5207 22
1490 5156 1518 5208 et
1532 5148 1720 5233 mystagogica
1731 5146 1753 5203 l.
1762 5150 1821 5218 qua,
1831 5126 1883 5204 lim
1927 5138 1929 5143 ’

233 5232 289 5287 qiie
304 5218 613 5291 uberiuserudirantur
624 5221 652 5275 iii
668 5220 784 5293 reliquis
799 5220 989 5276 hebdomadas
1008 5237 1062 5291 pa·
1116 5222 1280 5291 praecedens
1290 5211 1805 5279 monitumalmissimieiiitorishrbll
1812 5200 1882 5261 ’ΜΨ

234 5287 340 5370 schalis
352 5289 463 5346 diebus.
483 5290 664 5347 OEconomias
677 5291 763 5365 hujus
777 5291 920 5347 rationem
933 5308 966 5347 ex
978 5294 1059 5348 Cute·
1116 5291 1171 5347 luit
1184 5291 1257 5348 feria
1271 5293 1373 5364 quinta
1388 5294 1524 5366 paschali,
1541 5292 1698 5350 Breviorcm
1712 5284 1815 5340 altarum
1830 5274 1881 5318 *ω’

232 5356 362 5440 chesibus
371 5360 463 5416 sancti
476 5361 574 5444 cyrilli
588 5362 838 5434 Hierosolymitani
848 5367 946 5434 aperte
956 5361 1061 5418 intelli·
1115 5379 1203 5432 quam
1219 5378 1249 5418 se
1263 5363 1429 5421 habiturum
1443 5365 1636 5436 spoponderat
1649 5360 1758 5415 iactante
1765 5331 1881 5431 pamla&

234 5440 339 5497 gimus,
354 5432 529 5511 eamquehic
539 5436 665 5491 recolere
675 5450 732 5489 nori
743 5435 794 5490 abs
805 5433 1016 5506 rejudicamus.
1030 5434 1060 5488 lo
1114 5432 1276 5494 seluttsdte.
1287 5435 1317 5489 id
1325 5435 1404 5491 estin
1416 5437 1477 5506 ipsa
1485 5441 1569 5491 nocte
1578 5428 1709 5507 paschali,
1719 5414 1879 5506 deside-afflui

234 5498 1061 5574 catechesinamquelitilluminandorum,idestbaptizan·
1118 5525 1130 5554 a
1146 5504 1196 5559 sed
1208 5504 1254 5561 has
1269 5505 1366 5576 Cyrilli
1381 5505 1582 5563 instructiones
1596 5506 1655 5574 ipso
1665 5490 1819 5571 baptismatis
1834 5481 1880 5573 Μ·

235 5567 416 5651 dorumlqui‚
433 5576 560 5654 utsupra
572 5574 748 5639 monuimus,
760 5576 836 5645 apud
846 5575 959 5631 Graecos
971 5574 1060 5630 iidem
1115 5590 1185 5646 pore
1200 5575 1285 5638 datas,
1301 5540 1878 5678 ridenturadmouitionibuapmttsslffffm,

235 5641 398 5719 erantacin
413 5642 516 5697 Latina
523 5643 649 5700 Ecclesia
658 5647 876 5716 competentes),
892 5662 956 5701 cum
967 5650 1060 5715 capite
1115 5644 1163 5711 tis,
1173 5660 1260 5716 quam
1269 5647 1453 5704 concionibus
1466 5651 1622 5721 esuggestu
1634 5641 1728 5698 habitis
1736 5644 1791 5714 simi
1802 5628 1877 5699 luith,

238 5707 272 5764 lll
286 5707 379 5789 obiter
399 5723 494 5789 sermo
509 5716 627 5770 essetda
639 5730 758 5786 corpore
776 5715 880 5771 Christi
899 5716 951 5771 sub
967 5715 1062 5786 specie
1108 5719 1148 5771 at
1162 5716 1239 5772 idern
1261 5718 1370 5789 pariter
1391 5724 1515 5775 annotat
1534 5712 1733 5776 eruditissimus
1749 5689 1877 5767 ,ilnsmlffi

237 5790 331 5850 panltt
348 5788 497 5835 amarioris
512 5780 588 5841 itlius
603 5783 761 5855 prophetici
774 5788 869 5842 textus
889 5802 896 5842 τ
912 5787 1022 5856 ,lenita
1035 5792 1062 5843 et
1110 5788 1193 5844 unde
1206 5788 1313 5845 mirum
1324 5804 1383 5847 nou
1397 5793 1441 5849 est
1453 5806 1502 5848 eas
1516 5791 1555 5847 ad
1568 5804 1620 5845 iius
1632 5781 1742 5845 minima
1751 5761 1877 5845 Pff'w‘
