4009 6192
3 3407 9 3424 ,
95 3364 238 3415 confessor
252 3369 368 3420 6666664,
385 3362 438 3414 let.
451 3362 484 3414 46

1 4487 3 4494 “
95 4484 158 4536 122,
179 4481 263 4531 Cestii
277 4480 347 4531 Deus
363 4481 440 4532 venia
453 4482 598 4545 praevenire
608 4477 749 4544 judicium,
768 4481 821 4529 125.

89 317 167 380 1104

81 447 171 513 judex
188 446 216 496 in
234 443 372 495 tribunali.
395 445 505 496 Occisus
525 445 662 496 4466466444
679 444 862 494 homicidium.
877 445 943 494 Toto

86 505 153 561 orbe
168 506 388 581 clametoccisus
399 507 531 564 Nascitur,
547 509 655 582 quando
669 509 736 579 perit
749 506 944 558 4646666066-

86 577 130 622 tra
150 567 402 641 esihonesuloannis
421 574 447 620 et
462 571 580 621 llerodis.
597 569 625 620 ln
640 570 731 620 niultis
755 581 785 618 su
807 572 889 640 646464
900 567 943 619 Je-

87 649 136 698 sep
149 670 166 704 ι.
183 631 268 695 416464
280 635 451 704 internatus,
472 634 536 704 quia
556 633 644 706 arguit
666 583 816 704 adulterat:
833 633 859 680 st
872 631 945 681 licitu

88 695 378 768 mulierum-consortia
387 694 511 768 caleavit.
524 695 643 768 Pericula
653 694 876 744 feminarumnon
885 707 944 743 646-

88 757 578 891 444934444444444444441
591 757 717 869 lidia?
731 756 847 806 'mm
860 754 944 806 ΠΜ

121 882 241 932 ioannes
263 881 429 953 euangelista
452 895 485 930 ne
507 881 640 932 Christum
661 877 807 954 abnegaret
830 877 944 945 aufugit,

89 945 147 1016 449.
185 955 248 1015 nare
261 941 373 992 64466444
387 943 575 1017 commendata
588 943 665 992 beatri
680 958 719 991 444
738 955 763 999 6,
780 954 833 991 666
845 940 945 991 466646

90 1021 151 1070 6466
177 1009 250 1060 ratri,
267 1005 305 1053 49.
317 1004 346 1076 46
358 1019 483 1077 passione
495 1006 563 1070 fugit
581 1006 679 1060 664466,
694 959 739 1056 se}
761 1005 826 1070 fuga
839 1016 947 1068 eoeper-

91 1074 137 1118 tus
151 1072 200 1122 est,
214 1067 254 1116 40.
267 1067 347 1131 Fugit
357 1081 385 1117 in
396 1081 528 1140 passione,
540 1081 631 1132 quaro,
644 1067 696 1117 449.

122 1129 208 1180 46666
222 1129 354 1201 prophete
367 1129 416 1179 fuit
429 1131 515 1194 ligura
528 1130 641 1184 Domini,
653 1129 692 1186 34,
724 1143 752 1178 er
764 1131 851 1178 totum.

123 1191 258 1242 464446646.
269 1191 330 1263 ,4164
344 1191 451 1241 alveum
468 1187 593 1243 Jordanis
608 1191 687 1241 464464
740 1189 833 1261 rietus.⁴
849 1189 902 1238 100.
917 1190 947 1238 at

92 1269 155 1319 quie
170 1253 240 1303 lucta
254 1257 308 1324 sint
322 1267 347 1301 in
357 1267 397 1303 eo.
414 1254 439 1302 Si
453 1253 522 1326 fugit
534 1253 744 1327 adprusentiam
756 1252 849 1318 legalis
861 1251 947 1311 Arcu,

92 1331 142 1367 664
155 1329 210 1366 non
222 1314 251 1365 fii
272 1317 292 1365 it
306 1314 339 1366 ad
411 1318 524 1365 sentiam
537 1315 682 1366 Trinitatis.

123 1377 235 1441 ioseph.
260 1438 266 1449 .
297 1379 351 1426 ami
364 1381 402 1450 tat
411 1378 568 1442 virginatem
590 1377 773 1426 incarnatione
788 1371 876 1448 Verbi,
892 1373 945 1423 440.

93 1439 236 1500 Quomodo
256 1441 355 1512 466466,
370 1455 391 1488 64
408 1443 567 1504 conceptum
583 1453 688 1503 sponsae
703 1433 791 1487 noluit
804 1429 946 1495 discutere,

90 1503 149 1551 145.
164 1501 226 1552 Fuit
238 1517 299 1565 pius
314 1501 450 1573 64466466.
459 1497 622 1573 Describitur
630 1502 687 1564 6466
699 1502 806 1551 animus
819 1502 945 1572 46646666.

93 1564 169 1614 ineo
186 1566 243 1614 tota
256 1561 363 1636 06444446
379 1575 503 1628 prosapia
520 1567 701 1674 nuncupatur,
730 1561 782 1612 446.
812 1559 949 1634 vigesima

91 1623 948 1760 attestatiustaliatatietfritteitatiu

92 1765 140 1822 rus
155 1749 196 1821 446Ι
204 1752 368 1800 6666646646
376 1749 471 1799 uarie.
482 1749 576 1814 Angeli
585 1748 684 1800 locutio
697 1763 759 1822 cupi
768 1744 949 1820 iosephvcirca

92 1813 212 1884 Virginis
225 1814 393 1883 conceptum.
410 1811 528 1876 Sponsus
542 1813 629 1883 figura
644 1810 740 1861 Christi
758 1825 849 1884 spensi
863 1807 948 1859 hecle-

93 1889 141 1923 6464
156 1870 292 1937 quomodo
307 1874 417 1937 impleat
431 1877 544 1934 liguram
560 1874 692 1945 passienis
705 1873 799 1922 Christi
815 1886 849 1946 ¹iu
864 1872 947 1921 altero

91 1934 947 2070 iiiii.titeltlnlititatirestituentes

94 2061 150 2134 445.
166 2058 227 2109 idox
240 2073 264 2108 ei
277 2058 389 2130 augelus
406 2061 529 2171 6666414445,
549 2062 574 2110 64
596 2073 652 2110 664.
668 2013 798 2116 timebat,
815 2059 949 2126 quinaret

93 2136 122 2172 m
136 2135 472 2254 coissipsahpaatxriipirppffiig,
484 2159 574 2234 araim
586 2173 663 2255 toan.
680 2177 733 2252 hap
747 2183 813 2238 ’6464,
832 2181 889 2257 414.Ι

146 2246 181 2294 64
203 2247 256 2294 6446
269 2241 355 2295 dulcis
369 2259 433 2317 oves
445 2199 482 2295 aetJ
510 2257 592 2295 66666
603 2244 685 2300 ducit,
697 2245 720 2293 6.
757 2241 949 2308 4966464666·

95 2308 174 2362 dum,
190 2306 220 2354 46
235 2259 578 2380 646646066146464446446
594 2303 627 2356 644
643 2320 724 2372 quani
738 2303 823 2358 David
844 2309 948 2365 inritat.

95 2372 121 2419 6.
137 2367 278 2439 1166464646
293 2367 404 2441 inclinat
416 2381 479 2419 6466
492 2368 525 2418 644
539 2383 647 2441 pascue,
660 2367 699 2441 40.
812 2429 818 2442 ⁴

127 2430 256 2503 46444666
269 2430 378 2540 pdducit
392 2431 425 2542 {d
440 2436 525 2543 tpppm
544 2430 739 2499 plemtudinem
758 2445 852 2492 466464,
874 2435 901 2484 64
912 2448 950 2483 re

95 2507 457 2606 1114444444444444434..
472 2530 669 2613 sensuam,
684 2551 724 2605 ιι.
739 2553 952 2619 narinus.

95 2623 169 2668 stum
184 2617 480 2670 uuitsdsesnduluin
507 2617 646 2668 usillorum
670 2621 949 2684 utnonpanemvitte,

94 2675 143 2730 sed
157 2676 257 2729 doloris
272 2678 421 2730 conficeret.
432 2633 505 2741 06444)
515 2679 553 2729 4444
568 2655 659 2729 feeerit
669 2694 774 2736 aurum,
790 2681 830 2730 29.
845 2679 950 2792 thue·

94 2745 129 2793 tit
141 2755 240 2813 narem
253 2737 358 2798 Christi,
369 2741 407 2792 34.
422 2742 451 2791 46
464 2741 620 2805 6466664466
631 2737 754 2796 diabolus
766 2739 820 2792 deli
833 2742 891 2794 fruc
905 2759 951 2793 uin

1 2843 5 2852 .
95 2818 175 2855 cenci
197 2817 254 2852 iens
266 2804 364 2856 crimen
399 2806 483 2868 aperit
496 2803 648 2868 proditoris,
662 2805 700 2856 19.

126 2866 161 2978 tu
183 2880 247 2916 aeus.
268 2863 324 2915 Vid.
340 2819 476 2916 Hebraeus.

146 2923 217 2977 iidex
229 2928 292 2978 lacit
303 2943 335 2978 66
350 2923 459 2979 arbitrio
472 2928 588 2994 proprio,
611 2925 727 2978 carnifex
743 2941 775 2978 ex
798 2925 894 2984 alieno,
912 2927 950 2980 14.

93 2991 186 3042 464466
200 2989 343 3040 sustinebit
351 2989 444 3053 judieii
460 2990 500 3040 sui
527 3004 673 3062 supernum
689 2989 815 3054 judicem,
829 2992 870 3045 26,
885 2991 951 3042 Cum

95 3054 159 3103 vult
182 3053 329 3116 ignoscere,
343 3052 479 3104 bominem
504 3052 619 3116 respicit,
635 3067 689 3103 nun
704 3049 820 3116 culpans,
839 3053 877 3102 64.
900 3053 952 3104 Cur

97 3116 173 3166 Deus
181 3111 263 3177 464466
276 3115 418 3165 noxiorum
433 3128 575 3179 personam
593 3115 718 3184 suscepit,
739 3115 777 3162 90.
797 3109 875 3164 41466
891 3131 952 3181 sup-

94 3178 215 3244 phcante
229 3180 318 3228 tactus
332 3192 387 3228 non
402 3178 559 3232 maculatur.
573 3178 611 3227 94.
625 3177 663 3226 444
671 3177 789 3240 pudicam
803 3173 953 3227 4466464464

95 3254 155 3290 non
173 3235 358 3295 4666466102.
372 3239 411 3289 nd
426 3233 502 3290 illum
516 3237 649 3288 redundat
660 3242 758 3294 reatus,
775 3239 797 3287 64
806 3253 886 3304 poena
895 3254 952 3304 per·

95 3302 171 3352 cellit
185 3301 396 3359 4446664666111.
407 3301 474 3351 Eum
488 3301 571 3413 pratis
585 3298 628 3350 ille
640 3303 724 3364 rugat,
733 3315 814 3372 quem
823 3301 952 3351 innocens

506 3380 537 3414 er
557 3359 713 3414 4166644666
736 3361 882 3419 6414464646,
897 3362 951 3414 434.

94 3426 186 3478 ludex
202 3440 271 3489 quos
283 3429 379 3491 arguat
391 3425 536 3489 6146444661,
554 3421 609 3478 159,
625 3425 710 3475 464166
722 3425 748 3474 46
761 3422 886 3476 tribunali
900 3440 952 3476 res·

96 3489 232 3554 plaudens
246 3487 298 3538 lull
313 3503 344 3538 66
364 3492 393 3538 64
408 3485 520 3539 loannis
536 3489 563 3538 in
578 3487 661 3545 disco,
677 3485 732 3537 444.

130 3549 275 3600 4644464646.
292 3547 322 3600 16
354 3551 407 3600 6644
420 3551 521 3614 46444646
536 3548 712 3600 [1666664646
725 3551 815 3600 tacens
830 3548 862 3601 de
876 3551 952 3601 mise-

96 3611 216 3661 ricordie
226 3613 253 3661 in
268 3625 320 3683 pan
341 3627 398 3661 eres
413 3612 547 3668 clamabit,
567 3613 605 3662 44.
621 3603 724 3676 Pauper
738 3613 787 3660 erit
806 3611 952 3666 advocatus

95 3676 126 3723 in
139 3673 293 3784 die'p'udicii.
330 3675 437 3724 4464466
451 3675 556 3724 44644464
566 3679 606 3724 664
625 3673 662 3723 4444
681 3675 727 3738 qui
742 3673 877 3724 feneratur
889 3687 953 3740 pan·

96 3736 167 3801 peri.
204 3751 233 3784 64
244 3735 375 3798 judicium
388 3738 479 3787 omnia
493 3737 671 3801 deperierant,
697 3734 742 3784 sed
771 3735 954 3786 misericordia

95 3799 243 3857 succurrit,
254 3797 293 3847 42.
307 3798 445 3849 Servatum
457 3798 534 3848 indie
544 3799 647 3854 mortis,
656 3800 685 3846 ul
694 3798 878 3869 penitentiam
890 3810 952 3860 agn-

97 3875 171 3910 mus.
182 3859 219 3909 [ie
231 3861 343 3910 crimine
358 3874 411 3910 nori
423 3861 569 3924 judicatur,
594 3862 639 3925 qui
657 3858 721 3910 facit
746 3855 951 3908 misericodiam.

95 3923 226 3971 Vicinum
232 3921 363 3984 judiciuin
378 3923 442 3985 quid
454 3925 488 3970 644
498 3925 636 3986 operatum
646 3923 672 3974 iu
683 3919 814 3975 hominos,
824 3920 862 3970 44.
873 3921 952 3984 Sepa-

95 3986 168 4035 ratio
180 3983 319 4047 injudicio
333 3984 488 4036 6666616464
502 3989 618 4039 6666466,
634 3983 673 4032 44.
687 3981 772 4042 Quare
780 3982 899 4032 Christus
910 3982 953 4056 46·

94 4048 205 4096 dicatur
214 4043 248 4096 ab
263 4039 388 4100 Hebraeis.
402 4048 440 4096 49.
452 4045 647 4109 Fietjudicium
656 4043 689 4094 de
700 4043 775 4100 44446,
790 4048 816 4094 64
829 4047 951 4103 mortuis,

95 4108 247 4173 quomodo,
263 4105 302 4156 54.
317 4107 450 4158 4644464664
466 4124 520 4159 666
531 4106 622 4163 eredit,
636 4103 682 4180 qui
691 4106 759 4157 male
773 4106 846 4164 vivit,
862 4105 900 4155 59.
914 4105 953 4156 Ex

95 4185 132 4221 eo
144 4170 415 4227 canuanuscitteira,
430 4169 469 4221 44,
486 4165 530 4220 Est
545 4173 629 4220 terror
642 4185 677 4220 im
699 4171 795 4218 iorum.
817 4167 953 4218 indicium

95 4231 284 4304 manifestabit
295 4233 340 4296 qui
355 4233 435 4282 inerit
450 4234 573 4297 quisque,
587 4233 625 4281 94.
638 4184 774 4280 facticium
789 4227 835 4280 Dei
847 4233 952 4294 tempus

95 4309 198 4344 messis
213 4293 361 4344 hominum.
377 4295 512 4344 Profunda
523 4295 622 4358 judicia
636 4294 682 4344 4164
697 4293 833 4358 quomodo
850 4296 954 4366 possint

95 4358 238 4421 cognosci,
254 4358 307 4406 494.
325 4357 386 4428 Ejus
401 4359 499 4408 securis
523 4357 631 4407 arbores
658 4355 760 4408 steriles
787 4353 905 4408 succidet
928 4359 953 4405 et

94 4419 238 4475 cremabit,
253 4421 306 4470 406.
316 4415 395 4470 Miser
407 4419 449 4469 cui
459 4419 486 4468 in
497 4419 598 4484 46444646
610 4434 664 4468 666
678 4420 819 4468 miseretur
836 4420 952 4529 ffin'itff'

94 4546 172 4594 cium
195 4558 323 4594 vocamur
337 4548 390 4593 tem
413 4557 456 4593 ore
472 4544 574 4594 mortis.
596 4543 738 4605 injudicio
764 4556 818 4591 non
834 4495 953 4592 664414444-

94 4620 151 4672 pus
167 4605 338 4670 peonitentia,
353 4620 381 4656 sc
413 4619 561 4678 pinnarum.
571 4603 832 4680 'ludiciuni‘lierpdis
848 4615 952 4677 perrer-

95 4661 953 4793 {intitulaiiiiitiiltilititnittiilit.liliis

95 4793 200 4842 dicium
217 4795 247 4841 ut
258 4792 433 4848 custodiatur,
448 4806 529 4842 causa
544 4789 720 4856 temperanda
728 4793 776 4845 ost.
791 4788 845 4840 144.
860 4788 887 4838 16
906 4788 953 4838 dn·

95 4856 151 4905 biis
162 4853 293 4916 judiciuin
308 4853 474 4918 fugiendum,
489 4858 515 4903 et
534 4854 587 4902 [leo
602 4851 802 4903 remittendum.
819 4848 954 4901 4644164664

95 4916 318 4990 ρ444446646644646
332 4917 498 4981 penitentia,
513 4916 565 4966 464.
579 4913 719 4966 Christiani
739 4909 840 4963 nollent
864 4916 953 4963 venire

93 4978 241 5044 4641464664.
250 4977 318 5039 Quia
327 4978 414 5029 644466
427 4993 481 5027 nori
494 4979 574 5033 46644,
584 4981 631 5027 est.
646 4973 847 5041 quiaDominus
858 4989 907 5024 nos
920 4973 954 5024 644

97 5055 129 5091 se
147 5041 184 5089 ire
197 5041 338 5090 desiderat.
356 5041 391 5090 Ne
402 5039 563 5103 judicemur,
581 5039 685 5103 judiees
699 5035 783 5087 nostri
803 5037 896 5085 simus.
909 5036 954 5086 46·

98 5102 201 5153 44464664
221 5102 346 5176 crapuiiex
363 5107 390 5156 64
410 5105 464 5152 vini
485 5102 574 5167 quale,
599 5103 653 5152 143.
666 5097 796 5152 Confusio
811 5099 955 5166 implorum

97 5166 128 5215 in
138 5165 244 5215 46444646
254 5181 286 5214 66
321 5164 400 5214 64466
412 5165 500 5215 causis
514 5163 572 5219 erit,
583 5163 624 5214 22.

130 5226 260 5278 46646646
328 5229 422 5277 ristuin
439 5231 533 5278 naluin
548 5227 674 5281 fatentur,
690 5225 745 5273 141.
760 5224 791 5274 Ei
806 5222 861 5274 suls
873 5223 956 5273 susci-

98 5291 180 5355 piunt
193 5291 221 5340 in
242 5289 415 5354 priesepibus‚
432 5290 474 5339 444
492 5289 584 5338 64156.

129 5353 220 5402 466646
234 5351 378 5418 superioris
396 5351 572 5402 temeritatem
590 5349 659 5400 toliit
671 5345 793 5406 dicentis,
809 5347 848 5397 49.
866 5346 955 5397 fussio

98 5415 146 5464 Dei
159 5415 288 5479 appendit
300 5414 407 5468 6461664,
422 5413 478 5463 494.
496 5413 538 5462 Sic
560 5417 667 5466 terrain,
697 5408 879 5462 maculasse
897 5408 955 5459 6646

98 5478 192 5527 664646
205 5481 304 5532 646646,
312 5481 337 5526 64
348 5476 406 5526 6616
410 5476 531 5539 46664666
540 5474 677 5526 solvenda.
692 5472 782 5523 466646
794 5476 821 5521 64
828 5473 955 5522 sanctitas

97 5540 257 5603 imperantis
271 5537 344 5611 cogit
357 5538 430 5610 loqui
455 5540 536 5589 etiam
563 5551 685 5587 sermone
703 5533 954 5606 6464446661944144

94 5601 217 5666 jubentis
228 5601 369 5652 arbitrium
379 5605 459 5650 tinior
469 5600 616 5651 obedientis
627 5598 758 5662 invigilat,
772 5597 816 5645 409
836 5593 955 5644 46664664

96 5678 192 5728 parere
207 5669 248 5714 est
260 5663 352 5723 444466,
367 5663 422 5713 430.
443 5663 497 5712 Vid.
511 5664 683 5725 Praeceptum.
846 5718 851 5730 .

128 5725 221 5777 466446
243 5731 343 5776 eruunt
358 5739 451 5775 aurern
481 5725 628 5790 epularem,
643 5720 764 5771 2446644
780 5731 888 5769 nomine
898 5721 955 5767 tun-

99 5792 165 5845 tuni,
182 5804 210 5839 se
240 5787 313 5838 46646
327 5785 419 5851 4646644
431 5801 446 5837 6
456 5742 558 5839 Christo
572 5784 745 5850 repelluntur,
760 5783 790 5831 40
799 5787 821 5832 64
834 5781 873 5829 49.
885 5777 955 5828 Chri·

98 5854 157 5901 stus
173 5865 229 5902 non
243 5845 323 5902 46664
332 5850 432 5915 justes,
445 5851 509 5915 quia
523 5863 615 5900 omnes
627 5841 727 5913 reperit
736 5847 901 5911 peccatores,
915 5840 953 5893 30.

332 309 444 375 INDEX
464 309 590 377 RERUM
611 309 892 376 ueuoeseitieu
914 305 951 372 lli
971 313 1162 378 senueritis
1183 316 1213 378 0.
1238 313 1345 379 earet
1369 309 1609 380 enalsotoel.

1773 320 1852 382 1401

996 448 1066 497 46644
1074 446 1188 497 44664466
1196 447 1340 504 666644664,
1352 448 1393 501 49.
1408 445 1476 497 0664
1486 448 1607 498 inducias
1616 448 1702 505 malis,
1712 450 1750 498 44.
1758 449 1852 499 iustus

999 508 1165 560 4644646466
1180 523 1196 558 6
1216 510 1346 575 puritione
1361 510 1464 574 angeli,
1480 510 1518 558 00.
1533 509 1596 561 iisse
1606 511 1711 574 4664646
1723 511 1793 577 apud
1808 512 1852 561 iin-

999 573 1086 622 mines
1098 575 1139 622 est
1151 572 1176 621 44
1204 584 1234 620 us
1245 572 1371 626 humanu,
1390 571 1462 644 apud
1474 573 1557 620 lieuin
1570 577 1612 621 est
1624 573 1741 623 iiiuneris
1759 572 1852 630 divini,

998 637 1028 684 69
1039 639 1062 684 64
1073 634 1111 684 94.
1126 629 1163 684 Ex
1174 633 1403 700 qulbusdicantur
1410 635 1476 696 46644
1485 631 1660 684 4664666664
1674 649 1743 686 6664
1759 636 1853 685 466466

999 696 1140 747 roboratur
1155 697 1182 746 in
1197 695 1343 762 perfectum
1352 696 1440 745 virum
1454 695 1633 752 tribulatione,
1643 698 1782 807 patientie,
1794 711 1856 764 pre·

999 760 1142 816 batione.s
1163 755 1353 815 attiniacus
1375 757 1448 808 dubit
1474 757 1594 807 Christus
1615 760 1641 806 44
1654 771 1706 815 em,
1729 769 1852 822 regnum,

1019 822 1124 872 leriam.
1144 773 1283 879 8446646446
1296 819 1481 884 dlraljiistus:
1501 819 1519 868 li
1540 821 1668 869 emoriar
1678 835 1729 883 pro
1739 821 1851 871 Clirlstn.

998 838 1104 934 4661446
1113 888 1197 934 morte
1209 882 1326 931 illudunt
1336 885 1459 942 iiiorieiii,
1473 885 1498 930 rt
1507 833 1539 930 64
1554 881 1634 931 rlturn
1643 883 1851 938 transferuntur,

1001 947 1055 995 114.
1071 944 1223 994 4664464616
1239 945 1362 1007 majores,
1374 955 1451 1007 pares
1466 945 1578 1004 angelis,
1594 945 1675 992 iinmo
1695 945 1793 994 meritis
1810 959 1852 994 su·

1001 1009 1127 1071 periurus,
1142 1009 1196 1056 129.
1211 1007 1318 1057 iustum
1343 1007 1460 1071 aliquem
1503 1007 1626 1055 atiuntur
1647 1008 1803 1072 paupertate
1825 1010 1853 1056 64

1000 1070 1115 1143 irrisoriis
1125 1070 1237 1118 eruciari
1252 1069 1285 1119 ad
1297 1065 1422 1179 pietatem
1436 1021 1579 1124 mattiruiu,
1596 1069 1642 1116 las
1675 1069 1811 1141 16666664
1823 1081 1852 1118 66

1001 1129 1853 1304 ’,4664444666646446644664646

1021 1270 1114 1305 4464646
1127 1269 1153 1304 46
1167 1256 1241 1304 46646.
1255 1256 1277 1304 ii
1291 1256 1393 1304 Christe
1417 1254 1595 1304 descendente
1609 1255 1643 1304 ad
1664 1254 1762 1305 inferos
1776 1251 1853 1303 ubso-

1002 1318 1059 1366 lutl.
1076 1315 1173 1366 Eemm
1189 1330 1261 1366 mors
1274 1317 1390 1382 pretiosa
1400 1329 1489 1366 664646
1500 1313 1684 1376 0646466444.
1694 1315 1853 1366 Etestmors

1002 1392 1094 1429 eorum
1110 1380 1173 1428 rita.
1187 1377 1303 1450 Cupiunt
1317 1378 1452 1429 Christum
1465 1377 1497 1428 ad
1514 1377 1631 1440 priimam
1646 1391 1740 1427 eorum
1750 1378 1853 1434 venire,

1004 1441 1057 1490 150.
1073 1439 1128 1488 Viri.
1142 1439 1241 1496 Sancti,
1261 1440 1410 1495 Confessor,
1427 1440 1567 1489 innocens.

1032 1502 1179 1552 liisllcatie.
1192 1502 1295 1551 4466466
1310 1502 1509 1565 466444466446646
1536 1501 1599 1550 6664
1611 1500 1690 1550 66446
1711 1497 1855 1549 aseenden-

1002 1565 1028 1613 di
1052 1567 1082 1614 ut
1096 1563 1262 1614 heatitudine
1272 1563 1449 1636 perfruemur,
1464 1563 1503 1612 09.
1517 1562 1596 1612 Pauci
1612 1562 1740 1612 incedunt
1754 1561 1781 1611 in
1799 1575 1854 1610 om·

1003 1601 1083 1676 nitius
1094 1623 1341 1689 justificationibus.
1356 1626 1493 1674 Manantes
1520 1626 1743 1675 condemnatione
1758 1623 1856 1687 justifl-

1002 1688 1056 1737 cari
1078 1701 1132 1736 unii
1149 1691 1236 1751 potest
1249 1687 1453 1746 condemnatus,
1468 1687 1521 1736 419.
1536 1687 1678 1738 4664446644
1706 1699 1800 1736 sumus
1810 1698 1857 1752 per

1002 1750 1098 1800 Christi
1112 1750 1343 1799 resurrectionem.

1033 1812 1140 1861 lustitia
1148 1814 1279 1861 nostrane
1292 1811 1435 1860 ssatcnrein
1446 1809 1744 1875 hominibusquomodo
1760 1809 1856 1858 intelli·

1002 1875 1090 1937 gutur,
1102 1875 1125 1924 9.
1140 1867 1226 1922 Perse
1242 1871 1292 1922 sihi
1307 1872 1426 1922 abundat
1452 1872 1484 1920 ad
1506 1873 1627 1935 gloriam.
1643 1873 1664 1920 Α
1688 1871 1742 1920 4166
1765 1872 1856 1934 genitu

1002 1935 1101 1985 curium
1116 1945 1162 1984 ess
1182 1936 1260 1984 ectat.
1278 1931 1317 1983 416
1331 1934 1457 1983 occultari
1473 1935 1566 1997 possit.
1581 1933 1733 1997 llypocrisls
1747 1945 1800 1981 non
1814 1937 1855 1982 est

999 1998 1113 2062 justitia.
1129 1947 1262 2047 96466666
1270 1997 1395 2047 4464446646
1405 1997 1489 2046 666446
1499 2010 1553 2045 666
1564 1998 1698 2060 exspectet
1705 1993 1854 2045 mercedem

1002 2055 1087 2114 divini
1097 2055 1187 2126 patris.
1198 2055 1311 2108 iustiliae
1320 2059 1425 2108 tantum
1436 2057 1576 2115 serviatur,
1585 2061 1715 2121 quantum
1725 2057 1854 2106 46646666

1002 2119 1146 2186 iniquitali.
1162 2117 1219 2175 144,
1240 2119 1384 2170 4444644666
1398 2123 1446 2176 664,
1461 2121 1514 2169 tlt.
1537 2118 1596 2169 4466
1611 2117 1765 2169 4646644664
1787 2118 1856 2182 4646-

1004 2184 1061 2240 stis,
1088 2183 1142 2236 444.
1158 2187 1180 2236 A
1197 2177 1300 2247 iustitie
1313 2181 1410 2239 4166464,
1425 2182 1471 2248 qui
1493 2182 1520 2231 in
1547 2181 1635 2232 eausis
1652 2180 1783 2236 homines.
1799 2191 1854 2229 non

1004 2247 1089 2296 Deum
1122 2246 1277 2296 ertluiescit.
1297 2243 1407 2310 iniustis
1417 2245 1534 2301 inimica,
1550 2243 1607 2297 104.
1628 2241 1688 2293 Sine
1702 2244 1800 2308 pietate
1815 2243 1857 2291 est

1003 2307 1104 2358 erudeli
1135 2321 1147 2356 s
1162 2307 1232 2372 apud
1247 2306 1341 2370 416664,
1358 2304 1411 2356 1444.
1424 2303 1532 2356 46444446
1548 2308 1597 2361 est
1613 2305 1742 2370 quidquid
1765 2303 1857 2354 4666444

1004 2372 1135 2421 Dominus
1149 2377 1339 2434 ergaserrum,
1355 2367 1500 2418 {effusio
1515 2367 1537 2417 si
1552 2367 1621 2417 desit
1631 2366 1781 2416 humanum
1796 2379 1858 2415 con·

1005 2432 1104 2545 siliuDin,
1118 2431 1244 2543 seposuit
1253 2441 1315 2481 mox
1326 2429 1456 2487 diuinum,
1473 2429 1528 2480 ira.
1542 2428 1622 2480 86446
1630 2428 1737 2493 lustitia
1750 2428 1858 2478 misere-

1005 2500 1050 2546 tur
1087 2508 1144 2550 eus,
1173 2530 1178 2541 .

1035 2555 1146 2607 4646646
1159 2554 1288 2620 inalplens
1302 2553 1401 2604 dieitur
1411 2553 1530 2620 4646616,
1545 2553 1670 2620 quamvis
1683 2554 1717 2603 sit
1727 2555 1804 2604 464646
1820 2563 1859 2602 66·

1005 2631 1066 2678 666,
1082 2613 1105 2667 i.
1130 2615 1184 2668 ite.
1199 2613 1369 2667 4664666666.

1422 2677 1449 2754 L

1037 2803 1119 2854 Labie
1132 2801 1272 2851 immunda
1281 2799 1398 2852 habebat
1409 2799 1496 2858 isaias,
1511 2799 1630 2850 distulis
1645 2809 1694 2850 nos
1704 2799 1802 2850 habere
1815 2797 1860 2849 de·

1005 2866 1135 2917 flendum.
1149 2865 1237 2914 Labiis
1252 2864 1388 2913 mundatis
1409 2863 1563 2928 passionem
1590 2867 1616 2912 et
1636 2864 1858 2913 resurrectionem

1007 2927 1102 2979 Christi
1120 2925 1275 2978 referamus.
1289 2920 1372 2975 Labie
1413 2923 1475 2974 dolo
1511 2923 1603 2980 614646,
1619 2925 1657 2974 es.

1038 2988 1125 3040 Labor
1153 2987 1355 3054 hilosophorum
1391 2938 1860 3051 44944466644446.0664116664646·

1006 3057 1059 3108 tur,
1075 3047 1114 3102 lo.
1130 3001 1179 3100 4444
1198 3047 1449 3105 66666446464,1444
1466 3061 1515 3097 nec
1526 3047 1628 3098 fructus
1643 3049 1728 3106 adest,
1744 3047 1859 3098 441446-

1007 3113 1134 3165 64464666
1145 3111 1426 3167 64666464469666,10.
1437 3110 1577 3160 Humanas
1587 3109 1662 3160 luber
1674 3112 1859 3175 apostolorum

1007 3176 1107 3240 proluit
1117 3171 1207 3224 divine
1217 3173 1313 3227 labori.
1326 3173 1361 3223 Ex
1374 3172 1464 3222 labore
1472 3172 1740 3226 44664661441646466
1752 3173 1860 3222 descen·

1007 3239 1047 3289 dit
1062 3238 1138 3288 ioan.
1153 3250 1200 3301 per
1228 3236 1319 3300 gratim
1341 3235 1534 3298 dignationem,
1558 3236 1597 3283 90.
1616 3235 1704 3285 Gloria
1722 3249 1754 3284 66
1769 3235 1860 3286 labore

1008 3303 1176 3368 superatura
1191 3297 1314 3363 gloriuer
1328 3298 1440 3360 origine,
1451 3298 1490 3345 09.
1503 3297 1589 3348 46464
1602 3298 1754 3348 6664466616
1765 3296 1862 3348 464664

1007 3373 1151 3414 commune
1165 3357 1279 3416 lucrum,
1298 3359 1336 3408 91.
1352 3357 1520 3410 4646441466
1535 3362 1580 3424 qui
1593 3361 1738 3433 scripturas
1748 3362 1861 3423 mystice

1007 3423 1206 3488 iuterpretatur,
1218 3419 1257 3471 90.
1282 3419 1338 3476 Vid,
1351 3421 1445 3472 Sudor.
1462 3421 1563 3471 Labore
1577 3422 1708 3486 acquisitu
1723 3423 1809 3484 magis
1818 3421 1861 3469 de·

1007 3487 1115 3538 4664664.
1131 3483 1217 3535 Labor
1229 3485 1373 3548 requiritur
1382 3483 1414 3533 ad
1459 3481 1740 3545 ¹noscenduproinnda
1749 3481 1861 3544 judicie-

1006 3563 1077 3605 rum,
1094 3547 1148 3599 491.
1164 3546 1250 3597 Labor
1264 3549 1380 3611 elpines
1395 3546 1422 3594 ln
1459 3545 1568 3593 iacendo
1591 3544 1701 3592 litteras.
1730 3542 1815 3591 Labor
1829 3556 1861 3592 ex

1008 3613 1107 3676 quiete,
1120 3612 1144 3659 64
1161 3623 1175 3657 6
1190 3619 1328 3663 46646466,
1344 3608 1397 3656 493.
1414 3605 1500 3655 Labor
1515 3607 1656 3667 susceptus
1667 3619 1684 3653 a
1697 3604 1861 3653 664466ῑί466

1008 3676 1035 3723 46
1044 3683 1184 3738 agunepro
1197 3679 1304 3724 corona,
1319 3669 1373 3717 449.
1389 3665 1593 3716 tabordortoris
1607 3668 1722 3718 sumitur
1733 3666 1860 3715 aChristo

1008 3731 1228 3846 uniuei-
1244 3727 1861 3841 4666664466666

1008 3810 1063 3853 ⁸1¹⁸,
1128 3830 1133 3843 ·
1475 3804 1481 3817 ⁴
1666 3829 1673 3848 ι
1741 3832 1747 3845 .

1008 3853 1334 3989 prppppirqrppnnpqplippildqlqpi
1342 3853 1473 3979 4414664664
1487 3915 1583 3978 rigant,
1592 3915 1631 3964 44.
1645 3914 1747 3988 Cinium
1763 3915 1859 3986 rigant.

1007 3983 1057 4042 Qui
1072 3980 1156 4030 Deum
1171 3979 1322 4029 serbisnon
1339 3979 1405 4032 6464,
1416 3991 1465 4026 nec
1479 3976 1604 4048 lacrymis
1618 3975 1712 4032 orabit,
1727 3977 1764 4024 le.
1778 3976 1859 4032 Benti,

1008 4048 1054 4109 qui
1068 4044 1163 4108 lugent
1177 4041 1287 4097 mundo,
1299 4042 1336 4089 40.
1348 4040 1482 4102 lacrymae
1491 4037 1612 4102 agundia
1624 4041 1647 4085 64
1662 4036 1754 4086 4461646
1765 4035 1862 4100 produ·

1008 4105 1158 4162 centania
1173 4108 1196 4154 64
1215 4104 1254 4153 64.
1270 4102 1363 4152 Cordis
1377 4101 1502 4151 affectum
1526 4102 1667 4154 testantur,
1693 4100 1731 4148 46.
1751 4098 1861 4161 iniquus

1008 4169 1065 4218 4664
1084 4167 1236 4218 mablturin
1245 4163 1297 4215 ulie
1308 4162 1405 4214 6466646
1416 4161 1449 4212 de
1457 4164 1528 4212 bone
1536 4161 1670 4226 pauperis,
1679 4161 1718 4210 44.
1727 4159 1861 4224 Ruperunt

1042 4183 1112 4280 441446
1127 4243 1159 4278 66
1174 4225 1241 4284 6446,
1262 4227 1300 4274 90.
1322 4227 1389 4275 4664
1407 4239 1458 4274 msa
1481 4224 1655 4288 magdalenes,
1668 4222 1823 4272 ludaeorum
1836 4224 1862 4271 64

1028 4291 1103 4342 444644
1117 4305 1150 4342 66
1160 4290 1265 4339 diverso
1275 4289 1371 4356 eapite,
1404 4289 1425 4336 4.
1447 4287 1498 4336 l‘ro
1515 4286 1631 4352 perculis
1647 4284 1700 4334 Deo
1713 4285 1861 4348 lacryman-

1008 4354 1083 4410 dum,
1099 4355 1136 4402 944.
1151 4353 1286 4425 hacrymis
1301 4351 1445 4461 impetrant
1460 4347 1537 4405 lilios,
1555 4349 1594 4397 43.
1619 4347 1754 4422 46644646
1769 4345 1862 4396 mulie·

1007 4409 1861 4545 sissiaieeu⁷iui⁰et¹ettttatiilteiieett

1008 4545 1097 4590 torum
1106 4537 1228 4602 lacrymas
1239 4532 1440 4602 rigantcuilum,
1452 4540 1549 4586 terrain
1562 4534 1677 4592 diluunt,
1687 4537 1862 4598 exstinguunt

1007 4602 1168 4667 gebennam,
1183 4597 1433 4649 stdelentdirinam
1442 4598 1611 4648 sententium.
1623 4599 1691 4648 Sunt
1700 4597 1863 4663 baptismata

1008 4667 1187 4728 peccaterum.
1206 4657 1273 4711 Lacr
1294 4675 1344 4709 inas
1366 4658 1452 4710 44414446
1474 4662 1618 4726 impetrant
1641 4660 1860 4710 resurrectionem

1008 4728 1066 4790 6466
1081 4723 1136 4782 44444,
1151 4725 1204 4774 190.
1221 4676 1433 4787 Suntjucundoe.
1443 4737 1503 4788 quie
1513 4726 1606 4772 emunt
1619 4719 1861 4792 gaudinmlmiiior-

1007 4789 1127 4845 talitatis,
1141 4787 1194 4837 194.
1211 4785 1347 4850 hacrymis
1358 4786 1530 4850 parvulorum
1545 4785 1608 4833 sunl
1622 4795 1696 4832 urina
1710 4785 1860 4845 potentissi-

1008 4863 1062 4908 ma,
1077 4854 1172 4907 eluar,
1187 4847 1241 4898 420.
1261 4849 1396 4911 Luerymte
1416 4849 1484 4895 sunt
1496 4850 1576 4909 potus
1591 4843 1787 4908 paenitentiam,
1805 4842 1858 4890 194.

1010 4913 1144 4977 Lacrymar
1162 4912 1235 4962 luere
1251 4910 1412 4976 baptismata
1426 4912 1542 4957 matruin
1565 4906 1748 4955 innocentium
1761 4903 1859 4952 oecise·

1009 4989 1078 5032 rum,
1093 4974 1145 5023 464.
1160 4971 1278 5036 Martyiil
1295 4971 1393 5038 gaudie
1411 4981 1466 5019 non
1489 4972 1569 5022 carel,
1593 4967 1726 5030 lacrymas
1738 4965 1859 5037 martyrii

1047 5036 1145 5086 liudit.
1161 5033 1252 5084 inians
1269 5033 1323 5082 lucr
1344 5033 1394 5082 niis
1418 5030 1530 5080 uberum
1548 5029 1712 5078 nutrimenta
1726 5027 1857 5090 disquirit,

1025 5099 1063 5147 00.
1075 5097 1211 5205 Lacrpmre
1223 5049 1340 5145 abluunt
1352 5093 1442 5142 ulcera
1454 5095 1551 5149 reatus,
1564 5091 1617 5140 164.
1634 5090 1709 5138 Domi
1725 5089 1793 5139 Petri
1804 5101 1858 5137 non

976 5175 987 5190 ·
1010 5162 1073 5210 4466
1087 5155 1134 5207 466
1155 5159 1277 5216 chuntur,
1294 5155 1340 5205 sed
1353 5155 1487 5218 lacrymas,
1503 5151 1544 5202 10.

1041 5219 1160 5270 Ludens.
1179 5218 1323 5268 4644664646
1353 5217 1443 5282 roprio
1454 5228 1581 5265 mucrone
1593 5217 1726 5272 truncare,
1743 5215 1783 5263 esi
1798 5212 1859 5261 insi·

1010 5297 1061 5347 gne
1076 5282 1173 5331 dirime
1187 5281 1302 5338 virtutis,
1318 5232 1356 5330 04.

1040 5344 1141 5394 Laesus.
1158 5342 1238 5392 Lresis
1253 5341 1325 5407 quod
1343 5341 1454 5406 longum
1464 5343 1513 5398 est,
1527 5339 1606 5388 44646
1622 5339 1662 5388 664
1674 5335 1708 5386 644
1723 5335 1860 5396 laedentes,

1009 5408 1048 5457 10.
1065 5405 1155 5455 hiesus
1174 5405 1291 5454 4446441464
1303 5403 1388 5461 fratri,
1404 5403 1457 5452 139.

1042 5467 1193 5518 4664664644
1212 5479 1266 5516 666
1281 5468 1370 5529 potest
1386 5464 1419 5515 416
1434 5469 1528 5521 morte,
1543 5462 1589 5529 qui
1606 5461 1755 5511 voluntarie
1769 5460 1862 5525 recipit

1010 5530 1149 5640 4116446823.
1163 5529 1314 5579 Parturiens
1332 5528 1495 5578 lamentatur
1509 5540 1540 5575 66
1560 5525 1660 5581 4464646,
1679 5527 1760 5575 66466
1772 5537 1805 5574 66
1817 5537 1862 5574 nu-

1010 5598 1079 5648 tura,
1112 5595 1135 5640 9.

1043 5654 1148 5704 Lancea
1161 5653 1261 5702 doloris
1269 5652 1322 5703 4166
1336 5654 1363 5702 46
1375 5651 1501 5701 cordibus
1510 5649 1704 5714 discipulorum
1714 5648 1860 5704 4444464403.

1043 5715 1123 5782 Lapis
1140 5715 1262 5780 sepulcro
1274 5714 1369 5765 Christi
1384 5711 1529 5764 6444646466
1539 5715 1659 5768 inertem.
1676 5712 1813 5763 revolutus
1824 5724 1862 5759 re·

1012 5779 1205 5828 surrectionem
1220 5775 1350 5841 probavit,
1366 5775 1405 5827 44.
1420 5775 1527 5844 Lapidis
1542 5776 1656 5842 sepulcri
1669 5775 1798 5825 encomia.
1815 5772 1862 5820 ite·

1012 5837 1120 5893 4646466
1139 5836 1285 5905 changeio
1306 5839 1340 5894 ed
1359 5837 1440 5893 4444664
1462 5838 1672 5896 4666446696646,
1690 5837 1720 5887 04
1735 5837 1758 5885 64
1771 5835 1818 5891 49;
1834 5833 1861 5884 64
