4009 6192
201 337 261 400 sii
566 326 599 393 ι.
621 310 1135 393 sauonuissnaniirioios.
1158 304 1553 397 uicariu.-ciio.iii
1854 316 1916 390 ιιι

201 468 314 526 Christo
329 468 381 533 est,
395 478 464 520 vera
473 478 555 535 isque
568 461 731 519 incarnatio
745 466 800 518 est.
815 483 830 513 ii
845 459 992 532 Numquid
998 462 1030 516 et
1042 462 1068 525 Α
1082 459 1184 516 Leonis
1192 458 1337 532 epistolas,
1351 476 1434 518 num.
1446 460 1492 527 97,
1505 457 1553 515 ubi
1565 458 1687 531 epistola
1697 456 1915 515 adFlsrisnnm

201 540 260 596 tale
275 537 383 609 aliquid
398 537 433 591 de
448 533 623 607 Eutychiana
637 549 733 590 errore
745 534 822 606 apud
838 534 965 592 Leonem
978 547 1027 603 pa·
1082 531 1158 614 besti
1166 531 1312 657 pontificii
1322 547 1439 587 summa
1450 530 1634 587 veneratione
1648 528 1815 613 suscipitur,
1829 531 1918 614 sede·

200 626 269 683 pam
279 608 294 665 i
303 607 431 680 Epistola
442 606 497 676 27
508 620 612 676 nempe
624 603 669 672 60,
685 607 722 661 ad
733 604 911 661 Pulcheriam
920 607 1029 675 Augus·
1085 604 1152 659 bitis
1177 602 1298 660 nudibus
1308 603 1479 659 celebratur.
1490 603 1573 668 Quod
1589 618 1655 658 vero
1665 604 1773 680 attinet
1780 602 1820 657 ad
1832 604 1919 674 Aqui·

200 686 274 745 tam,
287 681 346 735 hec
360 679 447 733 habet
462 693 469 731 ε
484 698 497 725 ι
519 675 641 732 llaeresis
652 677 757 748 quippe
772 682 816 733 est
828 675 914 732 nimis
926 674 1026 745 impis,
1086 673 1222 730 leiensem
1232 674 1409 746 provinciam
1419 673 1624 730 Mediolanensi
1633 678 1859 753 conterminam,
1870 673 1917 729 uhi

201 756 231 808 et
242 748 395 820 Evangelio
416 747 541 804 veritatis
562 746 690 809 inimica,
704 763 767 819 quae
790 763 848 804 non
863 746 1028 819 portionem
1085 761 1138 800 nos
1148 745 1290 818 degimus,
1298 745 1386 802 iidem
1397 744 1503 801 eruditi
1514 744 1619 801 iratres
1630 743 1920 801 Billeriniiindicsnt

202 819 501 894 aliquamlsedere,sed
513 816 747 890 ipisebriiiiaoae
756 818 902 889 religionis
909 821 1030 873 conatui·
1084 816 1276 888 Sponsionem
1291 816 1490 899 episcoporum
1505 815 1659 888 provincie
1673 814 1872 896 Aquileiensis
1883 818 1919 872 sd

201 889 571 957 tondameotseoovetlere,
584 906 695 960 negans
705 889 872 973 sempiterni
882 888 975 945 Patris
986 887 1032 943 Fi·
1083 887 1235 944 Paulinum
1266 888 1441 945 atriarchnm
1457 886 1527 944 anni
1540 887 1605 956 801,
1620 887 1685 943 ade
1696 887 1805 943 hubeis
1818 886 1850 942 in
1860 888 1920 943 llo-

201 963 274 1021 lium
283 962 493 1034 sempiternum
503 961 539 1017 de
547 966 626 1017 utero
640 962 732 1018 beatis
743 961 866 1034 Virginis
874 960 974 1017 Matris
985 976 1031 1015 ie·
1085 959 1232 1015 nomentio
1299 959 1377 1016 lesina
1387 958 1576 1030 Aquileiensis
1589 957 1920 1029 allatammtqueemii·

201 1050 267 1092 ram
281 1037 513 1090 camemnostris
527 1032 683 1104 sumpsisse
695 1038 813 1089 nature.
835 1055 850 1083 ii
865 1033 900 1089 Et
910 1031 1032 1104 epistola
1087 1030 1182 1087 nosci-i
1203 1035 1233 1086 to
1248 1030 1387 1087 Vaticano
1412 1029 1619 1095 taenarium,
1641 1028 1690 1085 ubi
1705 1028 1837 1101 episcopi
1857 1045 1921 1101 pro

202 1106 266 1175 165,
287 1106 325 1162 ad
348 1107 473 1160 Leonem
490 1105 532 1158 Aii
554 1111 659 1168 ustum,
676 1103 769 1176 capite
794 1106 822 1169 5,
844 1104 886 1159 its
912 1101 1030 1158 scribit:
1087 1100 1162 1158 rioci
1193 1118 1224 1159 es
1235 1101 1446 1183 profitebantur
1458 1101 1599 1184 mthobcas
1617 1101 1685 1172 fidei
1697 1103 1829 1182 rapaton
1839 1102 1921 1172 jesia

203 1198 218 1232 ιι
238 1120 1031 1248 Ouamitaquesibiinffiujussacrsmenlipresidiospem
1085 1173 1271 1242 definiimus
1283 1173 1698 1239 moeibi'lii'coeoi,etiittomiis
1708 1172 1920 1228 beotideetoriit

201 1250 368 1319 relinquunt
382 1247 430 1317 qui
445 1246 476 1301 io
489 1246 638 1302 salvatore
660 1251 759 1302 nostro
780 1251 889 1318 negant
909 1243 1029 1301 humani
1083 1260 1162 1317 popo
1175 1244 1297 1301 Esooii's.
1311 1244 1387 1300 ticet
1399 1259 1465 1300 iero
1480 1243 1620 1315 sequioris
1632 1242 1725 1298 etatis
1740 1258 1919 1300 monumen·

201 1319 329 1390 corporis
343 1315 518 1373 veritatemi
532 1316 635 1372 Dicant
649 1333 707 1389 quo
721 1315 1032 1374 sacriflcioreconcilia·
1084 1320 1147 1372 tum
1162 1315 1217 1372 hoc
1226 1314 1273 1381 sit,
1280 1315 1401 1371 minime
1410 1319 1510 1370 tamen
1516 1314 1722 1388 ambigendum
1731 1330 1768 1370 ex
1780 1314 1920 1385 primaeva

201 1390 234 1462 ti,
251 1389 349 1446 dicant
361 1403 418 1460 quo
434 1386 573 1459 sanguiue
585 1389 644 1444 sint
658 1387 823 1461 redempti?
838 1409 852 1440 >i
1086 1385 1174 1442 etiam
1187 1386 1411 1458 Aquileiensium
1426 1385 1541 1442 lluxisse
1553 1385 1714 1457 disciplina,
1728 1390 1821 1457 atque
1830 1402 1866 1442 ex
1877 1403 1920 1443 eo

236 1461 380 1515 Hactenus
404 1464 432 1515 et
458 1457 592 1514 heresim
609 1459 814 1532 Eutychianam
837 1474 872 1515 ex
887 1457 1031 1530 praecipuo
1086 1458 1152 1514 dem
1166 1457 1293 1528 pristinae
1303 1456 1497 1514 venerationis
1506 1457 1586 1512 sonte
1594 1456 1745 1530 ergahauc
1753 1457 1919 1528 epistolam,

199 1530 276 1587 illius
286 1534 482 1602 expugnatore
491 1529 560 1612 divo
571 1530 784 1614 heooeMagno
794 1532 878 1603 plene
888 1530 1031 1586 detectam
1086 1544 1175 1601 quam
1187 1528 1353 1611 litterissuii
1363 1533 1498 1585 testatem
1508 1528 1687 1600 reliquerunt
1698 1527 1846 1613 Gallicani
1857 1546 1921 1611 pre

199 1601 1033 1745 tttttttttfitttttltt‘ttltttttttittttts
1086 1599 1922 1753 tdttttt‘ltlttttatl.ttqtftltttffiltt

199 1743 297 1800 dinem
311 1763 319 1814 ;
333 1744 402 1816 quin
414 1743 504 1799 etiam
517 1748 671 1815 utrumque
684 1744 787 1800 iisdem
797 1744 938 1809 sensibus,
947 1743 1033 1816 phra·
1086 1743 1181 1798 lorum
1196 1746 1360 1815 tempomm
1374 1743 1513 1809 conditio,
1528 1746 1558 1799 et
1570 1746 1645 1798 ratio
1660 1758 1724 1813 ipsa
1744 1745 1866 1801 suadet.
1892 1754 1899 1767 ⁸

199 1816 329 1880 sibus,ac
340 1815 434 1871 verbis
443 1830 556 1896 quoque
569 1831 652 1871 usum
665 1815 752 1872 luisse
761 1815 791 1872 in
801 1820 917 1889 propriu
929 1814 1031 1870 heresi
1049 1830 1072 1889 g
1123 1814 1196 1879 Quid
1211 1813 1345 1886 igiturex
1360 1814 1414 1870 hac
1428 1813 1594 1885 dogmatica
1608 1812 1666 1896 diyi
1680 1814 1785 1870 leonis
1798 1813 1922 1886 epistola

200 1886 355 1943 indicanda
368 1884 520 1943 collatione
535 1885 610 1942 iacta
624 1887 821 1961 cognorimus.
845 1886 1033 1959 Progredieu·
1088 1884 1125 1939 sd
1143 1900 1205 1940 rem
1223 1884 1459 1942 nostramicum
1476 1889 1559 1940 taum
1575 1884 1741 1967 fueritergs
1766 1885 1922 1957 epistolam

201 1957 271 2014 dum
284 1973 360 2014 nunc
374 1959 412 2013 sd
426 1956 456 2011 id
469 1957 546 2029 quod
558 1959 594 2014 ab
608 1956 691 2014 initio
703 1963 766 2015 erat
780 1957 958 2032 propositum
969 1974 977 2025 3
990 1956 1034 2013 ni·
1088 1955 1317 2013 hancrenerntio
1331 1955 1361 2011 in
1376 1956 1510 2012 aniverso
1522 1957 1592 2012 orbe
1605 1955 1748 2011 cathohco
1757 1958 1841 2012 abeo
1852 1962 1921 2013 tein-

200 2029 309 2084 mirum
324 2030 401 2100 quod
415 2029 516 2085 heatus
529 2034 627 2085 noster
639 2029 753 2086 Nicetes
764 2046 947 2156 nequaquam
958 2033 1034 2085 rete-
1087 2042 1157 2110 pore
1171 2044 1227 2099 quo
1238 2028 1314 2110 ‚data
1326 2026 1390 2093 luit,
1403 2031 1436 2084 ut
1453 2027 1541 2085 veluti
1557 2026 1706 2109 symbolam
1719 2028 1791 2096 {idei
1805 2029 1844 2083 sb
1863 2044 1922 2083 om·

199 2116 266 2156 rum
280 2100 397 2156 illorum
411 2099 609 2156 hereticorum
629 2101 678 2172 qui
698 2102 817 2174 Eutychi
833 2118 865 2158 re
879 2100 919 2157 uti
934 2100 1034 2172 prelo·
1088 2100 1172 2155 nibus
1186 2114 1245 2155 soci
1267 2103 1371 2164 eretur,
1387 2114 1440 2155 uec
1454 2114 1512 2154 nou
1522 2105 1680 2154 memoriter
1692 2102 1846 2155 teneretur
1852 2116 1861 2170 ;
1876 2100 1920 2155 ubi

201 2177 302 2228 serunt
314 2171 441 2254 respexit
454 2186 592 2242 errorem,
608 2170 673 2228 licet
688 2189 788 2228 corum
803 2188 885 2228 error
898 2188 963 2228 cum
983 2171 1033 2226 illo
1087 2169 1175 2243 hujus
1188 2169 1247 2226 cele
1285 2169 1640 2241 rrimeepistolesensus,
1656 2168 1921 2243 uhiey'usdemmo

201 2242 237 2298 de
252 2258 310 2314 quo
332 2244 447 2298 Nicetes
469 2242 555 2312 plane
570 2243 733 2310 conveniat,
748 2259 801 2301 nec
819 2244 906 2298 verba
919 2258 1033 2313 quoque
1088 2242 1333 2298 monteadversus
1347 2241 1557 2313 Eutychisoum
1571 2256 1700 2297 errorem
1716 2241 1864 2305 adhibita,
1876 2242 1919 2296 uhi

202 2314 412 2377 desiderentur,
427 2328 490 2383 quai
504 2313 544 2368 rei
561 2312 702 2369 unitatem
716 2312 901 2379 constituant,
914 2328 1033 2384 queque
1087 2313 1174 2369 verba
1188 2312 1286 2380 etiam,
1304 2329 1338 2368 sc
1350 2312 1436 2368 veluti
1447 2312 1510 2384 ipsa
1521 2311 1635 2368 dicendi
1650 2311 1726 2368 ratio
1740 2312 1772 2368 in
1784 2313 1847 2368 alio
1856 2328 1919 2384 quo

201 2381 329 2446 prolecto
341 2382 502 2437 clarissimo
516 2381 605 2438 etiam
617 2383 711 2439 Zabeo
727 2384 825 2440 lucum
844 2384 984 2451 iecerunt,
1001 2388 1034 2440 ut
1108 2400 1166 2438 iam
1182 2399 1269 2454 opere
1282 2382 1547 2455 deprehenduntur,
1559 2382 1590 2438 in
1604 2398 1662 2454 quo
1678 2382 1808 2440 maxime
1823 2390 1877 2440 aut
1889 2384 1921 2440 ds

201 2452 399 2535 nihilomnino
408 2451 447 2534 de
458 2452 582 2524 Eutyche
593 2454 765 2536 suspicatus,
776 2459 1033 2536 precessor-eatan·
1087 2401 1146 2511 gde
1160 2453 1257 2526 aliquo
1271 2455 1359 2510 modo
1369 2459 1481 2526 agatur,
1493 2458 1553 2520 aut,
1568 2454 1645 2526 quod
1660 2455 1856 2526 precipuum,
1871 2459 1921 2523 est,

201 2529 263 2580 tum
286 2523 362 2580 illius
376 2522 484 2580 ibidem
497 2529 666 2595 agnosceret
689 2541 719 2580 iu
734 2526 943 2582 dissertationis
972 2542 1032 2581 suie
1087 2524 1181 2607 ipsum
1192 2525 1610 2609 lideisymbolumlexplanetur,
1621 2530 1922 2610 commoueantorque

200 2594 1033 2751 stutesburiaesletstatinus:
1086 2598 1233 2739 illi-‘ilbi
1246 2597 1728 2740 liuditltttttttttttt
1741 2597 1922 2725 iiiiii?

200 2737 292 2794 roscii
306 2737 363 2793 illis
371 2737 508 2794 melicis
517 2753 551 2793 sc
558 2739 699 2810 magistris
709 2740 833 2811 saltuoso
846 2756 875 2795 iu
885 2740 1032 2812 Eaptono·
1087 2739 1251 2805 bitandum,
1265 2739 1342 2796 iliius
1356 2740 1449 2811 operis
1459 2744 1606 2796 auctorem
1620 2740 1755 2795 eumdem
1765 2739 1924 2812 respexisse

200 2810 272 2865 tione
299 2807 419 2881 Spoiboli'
445 2809 623 2879 memoratis,
654 2811 793 2884 Eutyches
825 2812 886 2883 ipse
912 2814 1032 2884 ejusque
1087 2810 1297 2884 Eutychiaunm
1313 2827 1441 2867 errorem
1456 2827 1542 2883 quem
1557 2814 1673 2866 sanctus
1683 2811 1818 2882 pontifex
1834 2812 1865 2867 in
1877 2811 1922 2866 ille

200 2884 356 2937 sectatores
365 2880 545 2954 intelligendi
560 2881 680 2939 omnino
695 2883 834 2939 veniant:
849 2884 926 2965 quod
936 2884 1033 2957 couJe-
1087 2883 1210 2954 epistola
1218 2881 1389 2954 profligavit,
1401 2882 1533 2954 quamvis
1541 2899 1594 2940 nec
1612 2882 1750 2954 Eutyches
1766 2882 1815 2945 ibi,
1831 2898 1921 2954 neque

200 2952 272 3007 turis
282 2952 399 3024 quidem
410 2954 590 3023 probandum
603 2953 736 3025 suscipio,
746 2970 894 3011 nonenim
904 2954 1033 3025 aliasup·
1088 2954 1257 3026 Eutychiani
1270 2969 1403 3025 expresso
1425 2954 1542 3010 nomine
1565 2953 1742 3012 indicentur.
1773 2953 1921 3027 Ejusmodi

200 3028 302 3096 petunt
315 3024 433 3080 alterius
444 3038 557 3095 generis
571 3030 744 3097 argumenta
755 3042 763 3093 ;
776 3025 827 3081 sed
846 3026 1030 3107 conjecturis,
1093 3041 1178 3097 porro
1193 3040 1255 3081 essa
1273 3026 1511 3150 siphoniensem
1525 3024 1648 3096 Spmboli'
1664 3026 1703 3080 od
1716 3032 1920 3097 competentem

201 3094 231 3150 nl
241 3093 336 3158 ialior,
352 3094 426 3159 tanti
441 3094 584 3165 ponderis,
598 3095 700 3166 quibus
716 3096 759 3152 sel
778 3096 967 3169 conjunctim,
987 3096 1032 3151 vel
1088 3113 1154 3168 quie
1164 3113 1266 3153 sensus
1280 3096 1307 3151 vi
1329 3096 1568 3154 elicetcontiueat
1581 3095 1810 3168 inepistoliidiri
1822 3096 1921 3153 Leonis

200 3165 289 3222 etiam
304 3165 473 3237 singillatim
485 3165 618 3236 sumptis,
631 3183 694 3223 rem
699 3183 818 3240 prorsus
828 3166 1032 3225 coniectumiri
1048 3195 1071 3255 c
1088 3184 1237 3240 expressos
1265 3167 1401 3225 advorsus
1429 3167 1591 3240 Eutychetis
1610 3183 1751 3231 errorem,
1782 3184 1852 3240 quas
1864 3184 1921 3223 mo

199 3239 353 3293 cootldam.
1088 3243 1188 3296 menta
1202 3238 1312 3296 referat
1332 3239 1482 3295 abeodem
1497 3238 1635 3309 adhibita,
1649 3255 1711 3310 quis
1730 3240 1821 3294 verba
1835 3239 1919 3297 etiem

240 3310 283 3363 Ad
298 3309 439 3364 celebrem
455 3307 651 3379 dogmaticam
663 3307 815 3380 epistolam
826 3311 918 3367 amati
927 3308 1031 3367 Leonis
1088 3327 1124 3366 ac
1138 3311 1225 3367 veluti
1238 3309 1351 3366 dicendi
1363 3310 1508 3366 rationem
1523 3310 1666 3374 exhibeat,
1678 3314 1774 3365 textus
1785 3327 1821 3367 ex
1846 3314 1919 3367 ntra·

198 3377 1032 3451 HagniadFlariauumConstandnopolitanumantistitem
1088 3397 1144 3454 que
1167 3380 1365 3437 lucubratione
1388 3381 1424 3436 ob
1451 3382 1549 3438 oculos
1562 3380 1647 3453 positi
1668 3380 1871 3454 invictissime,
1891 3386 1918 3438 ut

199 3452 371 3507 accedamus
393 3455 596 3522 oportetque
619 3451 786 3523 Eutychetis
801 3467 928 3508 errorem
940 3451 1031 3508 tantis
1088 3451 1476 3510 arbitrordemoostrabunt.

198 3523 345 3579 rationum
356 3521 512 3577 momentis
520 3524 658 3593 tantaque
669 3521 850 3578 auctoritatis
860 3528 889 3579 et
896 3522 1032 3597 eloquen·
1126 3522 1168 3580 Sit
1181 3523 1278 3596 itaque
1288 3523 1414 3595 primum
1427 3528 1544 3580 sanctus
1556 3521 1685 3594 pontifex
1702 3522 1761 3579 Leo
1776 3522 1808 3579 iu
1819 3524 1917 3581 eadem

198 3593 245 3649 tie
257 3593 284 3648 ri
296 3592 353 3647 abi
374 3608 406 3648 so
430 3593 472 3648 sui
488 3592 606 3647 exordio
623 3592 776 3665 iugulavit,
801 3598 833 3649 ut
845 3593 917 3649 nihil
932 3610 968 3650 ea
984 3611 1030 3651 ro·
1088 3594 1210 3666 epistola
1223 3611 1274 3651 sua
1287 3595 1325 3650 ad
1338 3594 1520 3661 Flavianum,
1532 3609 1594 3666 quae
1602 3593 1703 3649 ordine
1715 3598 1761 3650 est
1772 3594 1819 3661 28,
1830 3595 1917 3667 capite

198 3609 942 3747 buatius,uiiiilmlidiusadrersusillamimpietatem
953 3682 1031 3722 com·
1087 3666 1106 3720 i
1123 3681 1129 3720 :
1146 3687 1160 3716 ι
1174 3665 1252 3748 Agit,
1268 3665 1362 3737 inquit
1381 3672 1497 3748 sanctus
1523 3665 1661 3736 pontifex,
1684 3669 1813 3747 utraque
1828 3665 1919 3722 sormi

199 3750 281 3789 muni
295 3740 382 3790 totius
396 3735 526 3791 Ecclesie
552 3734 652 3807 plausu
673 3739 861 3809 judicaretur.
884 3738 926 3793 Ab
953 3753 1030 3793 anuo
1088 3753 1152 3792 cuni
1165 3738 1583 3809 alteriuscommouione,quod
1595 3741 1819 3808 propriumestq
1830 3739 1917 3793 Verbo

198 3804 263 3867 449,
276 3820 333 3928 quo
339 3806 442 3860 eadem
450 3806 572 3877 epistola
583 3807 698 3878 prodiit,
706 3808 820 3864 Asturia
828 3813 857 3864 et
870 3808 1032 3882 Protogene
1087 3808 1197 3865 scilicet
1210 3813 1348 3880 operante
1383 3809 1438 3863 uod
1451 3808 1532 3864 Verbi
1544 3812 1597 3873 est,
1611 3812 1640 3863 et
1651 3823 1738 3864 carne
1747 3814 1916 3880 exsequente

199 3874 372 3944 canonibus,
388 3892 478 3947 usque
501 3878 538 3932 sd
552 3876 706 3934 concilium
720 3879 962 3946 chalcedonense,
979 3879 1028 3936 ubi
1088 3880 1166 3951 quod
1189 3879 1284 3935 caruis
1299 3883 1353 3935 est.
1392 3896 1462 3936 oum
1485 3879 1590 3935 horum
1615 3883 1746 3935 coruscat
1761 3880 1915 3949 miracolis,

199 3962 250 4004 ceu
265 3946 331 4002 fidei
345 3947 445 4020 regola
459 3963 494 4004 ex
508 3947 570 4021 ipso
585 3949 659 4004 Petri
674 3964 722 4005 ore
733 3951 847 4022 prolata
861 3951 1030 4008 venerabili·
1088 3949 1168 4006 aliud
1183 3951 1341 4007 succumbit
1353 3950 1500 4023 injuriis...
1518 3950 1640 4015 Esurire,
1650 3949 1743 4020 sitire,
1754 3950 1914 4017 lassescere,

198 4022 244 4076 ter
262 4023 379 4091 accepta
392 4017 456 4085 fuit,
473 4036 574 4076 omncs
588 4025 651 4076 tum
661 4020 786 4077 Orientis
796 4025 858 4078 tuin
868 4022 1031 4080 Occidentis
1088 4025 1175 4093 atque
1185 4021 1323 4089 dormire,
1332 4021 1480 4078 evidenter
1489 4021 1650 4078 humanum
1659 4027 1712 4077 est.
1724 4022 1782 4078 Sed
1795 4023 1915 4095 quinque

199 4090 338 4147 Ecclesias
352 4095 518 4166 pervagata,
538 4091 580 4148 its
594 4091 625 4149 iii
638 4109 687 4148 ore
699 4093 830 4150 omnium
846 4110 908 4151 esse
932 4094 1029 4167 coepit,
1089 4093 1212 4166 panibus
1226 4093 1355 4167 quinque
1370 4092 1461 4149 millia
1475 4092 1626 4149 hominum
1646 4092 1752 4149 satiare
1755 4134 1813 4149 .....
1835 4108 1915 4166 supra

198 4166 231 4218 ut
245 4178 303 4217 non
314 4164 401 4217 modo
416 4179 481 4219 eam
496 4162 602 4235 singuli
613 4179 664 4236 per
677 4167 778 4222 orbem
792 4165 958 4223 uuiversum
972 4165 1031 4237 epi·
1089 4165 1209 4220 dorsum
1218 4163 1419 4237 marisplautis
1428 4180 1486 4219 uon
1498 4163 1710 4220 subsidentibus
1721 4165 1916 4230 ambulasset

198 4233 277 4313 scopi
292 4249 349 4303 pre
374 4234 463 4290 oculis
490 4251 605 4306 semper
628 4236 777 4303 haberent,
793 4240 844 4293 sed
868 4242 899 4293 ut
926 4238 1030 4293 eadem
1088 4235 1525 4309 elationesssuctuumincropaia
1535 4240 1708 4318 tempestate
1717 4241 1913 4302 consternem

198 4306 287 4360 otiam
302 4305 525 4361 communitera
538 4305 681 4371 fidelibus,
695 4309 772 4363 solut
786 4307 944 4380 meoliim
953 4309 1029 4380 fidei,
1088 4306 1149 4364 siue
1161 4308 1350 4379 ambiguitate
1369 4307 1499 4362 divinum
1513 4311 1566 4362 eit.
1581 4306 1662 4362 Sicut
1679 4321 1759 4378 ergo,
1783 4313 1816 4363 ut
1831 4308 1915 4363 mults

198 4374 347 4430 memorias
359 4377 564 4433 commendata
575 4380 729 4433 teneretur.
742 4378 865 4434 Prasiai
879 4395 965 4450 super
975 4378 1030 4434 hac
1086 4382 1271 4449 preteream,
1279 4379 1474 4450 uonejusdem
1487 4382 1600 4434 naturas
1611 4382 1665 4443 est,
1678 4377 1748 4434 flere
1758 4378 1915 4435 miseratio·

198 4460 230 4499 re
240 4445 499 4502 luculentissimum
510 4446 707 4503 testimonium
716 4448 819 4506 afferre
827 4449 956 4506 Ecclesiae
963 4448 1031 4505 Gal·
1086 4449 1133 4504 uis
1148 4449 1252 4507 affectu
1266 4449 1395 4506 amicum
1408 4455 1568 4515 mortuum,
1593 4454 1622 4505 et
1636 4450 1783 4516 eumdem,
1810 4454 1913 4506 remoto

198 4513 310 4580 licens,
336 4531 397 4595 que
411 4516 441 4570 in
456 4515 578 4596 epistola
598 4518 736 4590 synodica
762 4521 800 4576 iid
821 4520 915 4593 ipsum
930 4522 1030 4577 dirum
1046 4560 1070 4620 D
1086 4521 1288 4593 quatriduane
1303 4536 1407 4593 aggero
1427 4521 1591 4593 sepultura,
1605 4520 1642 4575 ad
1668 4520 1745 4575 vocis
1764 4520 1914 4594 imperium

198 4584 323 4641 Leonem
334 4600 434 4664 missa,
457 4591 486 4641 et
503 4594 579 4642 inter
602 4590 689 4660 hujus
703 4591 794 4647 sancti
810 4592 952 4664 pontilicis
967 4592 1031 4664 Epi·
1086 4591 1213 4649 excitare
1226 4592 1408 4659 redirivum;
1424 4596 1476 4648 aut
1487 4591 1517 4647 in
1531 4590 1611 4664 liguo
1625 4592 1761 4662 pendere,
1777 4597 1809 4648 et
1822 4594 1851 4647 in
1866 4607 1914 4647 no·

199 4655 290 4711 stolas
301 4657 401 4737 ordine
415 4658 461 4738 99,
473 4657 566 4737 capite
576 4658 602 4724 2,
614 4658 656 4715 its
665 4660 826 4718 scribebat:
839 4665 906 4729 Qua
916 4669 1032 4735 aposto·
1087 4668 1164 4719 ctem
1179 4664 1241 4719 luce
1262 4679 1413 4733 conversa,
1427 4663 1527 4719 omnia
1549 4662 1694 4718 elementa
1711 4662 1913 4728 tremeiscers;

199 4726 276 4784 latus
292 4730 505 4810 sestri'scripta,
519 4732 559 4784 ita
575 4734 605 4785 ut
619 4732 783 4802 symbolum
805 4732 882 4800 lidai,
902 4734 1031 4816 quisquis
1088 4739 1139 4790 aut
1153 4734 1419 4791 clavistrausbxum
1432 4750 1503 4799 esse,
1513 4738 1542 4789 et
1553 4734 1677 4804 paradisi
1687 4739 1787 4805 portas
1802 4734 1867 4790 fidei
1878 4734 1916 4789 ls-

200 4800 407 4869 redemptiouis
418 4804 602 4856 sacramanto
614 4816 673 4856 non
688 4817 724 4857 ne
744 4802 1031 4875 ligit,tebuliscordis
1090 4804 1181 4860 tronis
1196 4805 1329 4877 aperire:
1345 4805 1386 4861 ita
1397 4821 1454 4861 non
1469 4804 1600 4878 ejusdem
1614 4809 1727 4861 naturas
1747 4809 1792 4860 est
1806 4806 1914 4862 dicen:

202 4870 327 4939 ascribit,
338 4876 367 4926 et
377 4871 551 4953 tenaci-quo
562 4872 711 4954 adconiuo
733 4874 1030 4931 endoshasreticornm
1091 4877 1149 4950 29
1165 4877 1220 4948 Epo
1232 4885 1259 4933 et
1271 4877 1566 4946 Potsrooarosaioosy
1577 4877 1706 4932 etdicere
1723 4877 1822 4933 :Potor
1832 4878 1915 4959 inop'or

201 4958 314 5000 errores
346 4946 1031 5012 aratiorsit,memoriiecommendarit.»0uod
1088 4956 1191 5003 oaesi.
1206 4947 1474 5012 Quamvisenimiu
1490 4946 1824 5005 DominolesuChristo
1836 4950 1915 5004 lieret

200 5013 298 5087 itaque
318 4960 365 5097 ise·
379 5013 524 5097 Gallicana
547 5014 672 5098 Eeclesin
686 5017 867 5072 testabantur
892 5018 1031 5100 ⁸synodice
1089 5018 1216 5075 hominis
1232 5036 1290 5074 una
1304 5034 1427 5102 persona
1450 5018 1488 5074 sit
1497 5038 1505 5089 3
1521 5018 1715 5101 aliudtamen
1731 5024 1785 5091 est,
1803 5018 1912 5076 undein

201 5085 1031 5241 tututtttttiitttlttlitttittt‘tttttt
1089 5089 1914 5243 titlltttttt?tstlttlz'ltl‘tiltttttttitt

200 5235 312 5287 certum
333 5234 370 5285 sit
393 5245 422 5285 in
438 5230 504 5286 fidei
531 5230 755 5302 professionibus
779 5232 850 5287 nihil
870 5232 1030 5305 antiquitus
1090 5233 1274 5299 humanitis;
1292 5235 1328 5288 de
1339 5233 1420 5288 Patre
1432 5231 1473 5287 illi
1484 5236 1528 5288 est
1544 5232 1741 5304 equaliscum
1751 5233 1839 5290 Patre
1848 5234 1914 5290 [tiri-

200 5299 800 5373 iuisselrequeotius,quampostgeneralia
812 5303 934 5361 concilia
944 5305 1030 5387 hujus
1090 5305 1176 5361 nitas.
1200 5326 1210 5354 i
1224 5306 1367 5359 Hactenus
1376 5308 1492 5360 sanctus
1503 5305 1566 5359 Leo.
1581 5305 1651 5360 Ecce
1662 5305 1865 5362 nuncheatum
1872 5302 1913 5360 ui-

200 5385 313 5495 {afflig
315 5373 447 5497 ἰιὲιιιῑοιιι
457 5373 619 5430 doctrinam
627 5372 765 5446 profiteri,
777 5390 840 5457 que
848 5373 924 5431 iuter
932 5376 1030 5432 divina
1090 5382 1184 5432 cctam
1198 5375 1227 5430 in
1240 5375 1444 5445 Exploooti‘ons
1455 5375 1586 5447 symboli,
1602 5374 1696 5447 cupite
1708 5375 1736 5443 4,
1750 5376 1851 5433 statim
1853 5376 1915 5504 (post

200 5509 434 5591 Ecclesia,tumin
471 5515 505 5570 iis
516 5515 1028 5583 ltaliiactGallisrumlocumhabuit,
1091 5518 1236 5591 pernicem
1252 5534 1316 5589 quae
1331 5516 1500 5574 Christianos
1515 5517 1581 5574 lidei
1597 5517 1768 5574 imminebat
1776 5535 1811 5577 ex
1824 5533 1914 5577 errore

200 5582 669 5642 uteruditeadmouentlialleriuii
682 5586 822 5645 iratresin
832 5589 1030 5646 admonitione
1091 5589 1230 5662 quemille
1243 5588 1442 5663 exagitabatin
1452 5590 1579 5646 erroneis
1591 5589 1650 5644 suis
1660 5590 1798 5647 tentius
1807 5613 1818 5661 ‚·
1827 5597 1913 5648 etnou

202 5649 464 5732 adhauceamdem
474 5655 635 5726 epistolam.
647 5658 730 5723 Quod
739 5664 850 5730 spectat
859 5661 896 5715 ad
906 5660 966 5716 haic
975 5661 1030 5716 lta·
1092 5661 1149 5717 alio
1178 5662 1276 5717 uorsus
1290 5676 1375 5716 sensu
1388 5676 1422 5714 ac
1440 5675 1502 5716 sese
1516 5664 1632 5716 sanctus
1655 5659 1786 5730 pontilex
1800 5663 1914 5735 explici·

200 5722 247 5780 lie
260 5738 292 5777 su
314 5722 414 5779 erroris
428 5724 501 5791 loca,
515 5731 609 5781 exstat
628 5727 750 5810 epistola
763 5730 800 5785 ad
814 5732 950 5787 eumdem
962 5746 1028 5787 san·
1090 5731 1142 5788 bat
1153 5678 1188 5789 Xe
1202 5731 1365 5803 Eutychetis
1378 5746 1485 5787 errore.
1502 5730 1534 5787 ln
1544 5730 1605 5803 ipso
1617 5731 1752 5802 (Domino
1765 5732 1915 5790 iesuChri·

200 5796 281 5849 ctum
333 5807 418 5849 onem
433 5811 538 5865 papam
546 5797 660 5876 Eusebu
672 5799 797 5871 episcopi
808 5801 1031 5860 Mediolanensis
1091 5805 1160 5875 sto),
1176 5804 1219 5859 ait
1242 5804 1342 5860 beatus
1354 5801 1479 5873 Nicetes,
1493 5806 1648 5875 utrumque
1662 5803 1804 5873 existens;
1820 5804 1913 5866 hoino,

203 5861 386 5943 thorumque
407 5864 694 5939 comprovincialium
720 5869 930 5949 opiscoporum,
954 5872 1035 5943 inter
1089 5873 1169 5953 qnod
1181 5873 1332 5933 ridebitur
1344 5890 1353 5935 s
1365 5873 1450 5947 Deus,
1466 5873 1544 5952 quod
1556 5889 1616 5932 uon
1629 5873 1789 5934 ridebatur.
1805 5875 1913 5936 umis·

347 5443 456 5500 ciatem
479 5461 528 5501 ore
540 5445 695 5511 Adventus,
712 5450 814 5501 tamin
827 5445 886 5516 28
898 5448 1031 5504 Romana
1091 5463 1126 5504 ea
1140 5447 1226 5503 verba
1251 5463 1315 5518 quae
1329 5448 1459 5518 superius
1484 5445 1637 5503 retulimus
1651 5447 1689 5502 ad
1709 5448 1851 5505 ostenden
1872 5462 1914 5504 sm
