4009 6192
240 258 295 322 itt
737 254 769 323 Β.
792 256 991 321 vnunnintii
1009 254 1173 320 ansani}
1192 256 1442 322 nnnnnmnsts.
1858 264 1899 326 iil

236 389 319 447 litem
338 387 606 448 animoshumsnsr
627 391 734 448 mentis
759 389 906 448 accendit.
924 392 1017 448 Nemo
1033 387 1064 444 in
1079 389 1104 453 Δ
1119 403 1192 462 opes
1203 393 1247 447 est
1258 386 1410 448 bonitatis.
1426 389 1520 447 Omne
1534 390 1663 465 demque
1674 392 1815 465 poculum,
1836 392 1902 451 dilee

237 478 464 552 comparatione
475 494 610 552 personae
625 478 745 536 alterius
755 479 870 537 natales
880 478 1021 547 iola-st,
1036 481 1065 533 et
1118 479 1233 550 tissimi,
1245 483 1333 552 eidus
1347 480 1460 538 auxilio
1470 480 1618 539 medicina
1629 481 1902 554 spembumsassala

238 582 300 624 non
309 571 353 623 est
364 583 455 640 quem
468 567 678 624 insolentiasoi
690 570 748 625 oris
758 572 882 626 accuset.
893 567 1065 625 Cavendum
1120 567 1902 643 tisoperatar,examarisspeciebusetdulcibusmmtst

240 662 309 713 ante
323 656 427 712 omnia
441 659 494 721 est;
510 655 632 728 nequid
645 657 951 728 personueriistiouem
964 653 1067 713 simul·
1120 657 1207 724 Quod
1219 657 1244 715 sl
1253 658 1321 731 quis
1331 659 1467 717 msdmus
1476 659 1600 717 rationis
1609 658 1903 730 ignarueneqnsattem·

241 746 477 802 tetisaccresoat.
493 744 573 801 Solet
586 745 667 802 enim
680 745 853 804 insanabilis
865 745 1066 803 iuimicitiaex
1120 754 1234 818 perere,
1251 746 1325 805 dum
1343 748 1511 806 nmsdium
1532 748 1648 822 qaaerit,
1677 747 1818 804 mortiiers
1837 747 1903 818 agris

240 832 425 889 contentione
439 832 631 890 descendere·
647 835 677 892 ln
692 852 751 907 quo
761 836 828 894 ioco
838 835 1064 908 petientisopus
1119 835 1903 911 venanscomponimusitaomnesextrinssoasdsiorss

240 924 294 986 est,
304 920 353 977 cui
367 935 428 977 non
441 921 505 978 sinc
516 922 611 979 fructu
623 926 750 997 proprias
764 925 868 983 salutis
878 923 1064 998 obsequeris.
1119 925 1265 991 accendit,
1281 926 1305 981 si
1321 925 1417 984 tristes
1429 925 1592 983 barbarum
1607 934 1713 982 rascas
1720 923 1809 998 equis
1818 925 1905 981 ueniet

239 1009 546 1084 Nemsieutillumqui
558 1012 1066 1087 iniuriamiratriinlertgraaispee·
1120 1011 1243 1069 miscere
1265 1012 1457 1084 ponderibus.
1473 1013 1557 1070 itaet
1582 1012 1640 1075 lea,
1668 1011 1904 1083 dilectissimique

240 1098 296 1155 cati
307 1104 409 1154 manet
423 1098 531 1171 culpa;
545 1099 586 1157 ita
599 1106 625 1157 te
641 1101 773 1160 maxima
801 1104 929 1175 protegit
949 1102 1066 1160 virtutis
1120 1100 1285 1159 Christiana
1294 1102 1553 1172 iurambderatnr,
1568 1116 1605 1159 es
1620 1100 1730 1159 suteris
1742 1106 1769 1156 et
1787 1099 1903 1164 dulcibus

240 1202 359 1251 corona,
375 1188 399 1242 ei
416 1193 539 1260 accepta
554 1204 614 1245 non
627 1189 764 1247 irasceris
776 1192 896 1263 iniuria.
910 1191 960 1248 lile
984 1190 1065 1248 euim
1119 1188 1176 1245 boe
1188 1194 1242 1255 est,
1255 1205 1290 1246 er
1302 1190 1433 1263 antiquis
1444 1189 1905 1263 atprnseutibnsiustltutlsestosu·

239 1274 405 1331 dilectionis
416 1274 522 1348 plenus
532 1274 719 1351 mactasset,
737 1280 762 1335 ei
774 1279 948 1337 oblitteratis
961 1284 1066 1336 coutu-
1119 1276 1191 1335 dita.
1206 1278 1282 1335 Nem
1301 1284 1334 1335 nt
1346 1284 1392 1337 est
1405 1279 1610 1352 peecatoribus
1623 1279 1749 1349 ingrate,
1763 1277 1800 1334 its
1811 1275 1905 1346 etiustts

239 1360 572 1428 meliis,infirmitutibus
579 1364 1066 1441 miserearieeiienisncimusquod
1120 1370 1182 1424 tote
1194 1371 1239 1424 est
1250 1366 1406 1426 verborum
1421 1368 1566 1427 suavitate
1574 1368 1758 1441 compositas
1773 1366 1904 1427 inuniunt

239 1432 455 1520 gloriosumest
465 1451 813 1529 aliquantis,erspsctare
825 1457 963 1528 benignis
972 1456 1065 1515 oeulis
1120 1461 1152 1511 at
1163 1454 1210 1512 lrle
1222 1455 1339 1514 caeleste
1351 1457 1503 1529 promittat
1511 1470 1651 1529 reguum,
1662 1456 1717 1513 illis
1735 1455 1861 1526 menas
1869 1452 1906 1509 ni

239 1554 345 1612 poeuas
357 1554 517 1613 corporum
526 1547 579 1599 aut
591 1542 703 1602 darnua
716 1545 929 1603 miserabilium
943 1542 1066 1603 faculta-
1120 1549 1204 1602 uetur
1217 1545 1400 1603 incendium.
1415 1550 1447 1604 ln
1459 1558 1521 1620 qua
1531 1547 1632 1619 siquis
1642 1542 1905 1618 sepiensuoroirte

241 1632 313 1684 ium.
329 1618 385 1684 Sed
396 1629 420 1683 ei
434 1629 487 1702 qui
502 1632 637 1701 suntisti,
653 1634 778 1693 audiant
794 1636 957 1693 Dominum
966 1634 1067 1692 dieen-
1122 1633 1292 1691 militatiset
1313 1636 1397 1707 pacis
1419 1635 1584 1707 adlectione
1609 1632 1796 1692 eonlsotlonis
1817 1636 1905 1687 serrare

240 1719 299 1773 tem
315 1734 321 1772 :
339 1718 427 1775 orote
442 1735 493 1791 pro
516 1722 764 1782 calumniantibus
791 1725 870 1781 sabis
891 1725 1012 1791 (Mettis.
1034 1739 1064 1789 r,
1080 1752 1102 1815 Β
1120 1736 1303 1791 mansuram,
1318 1722 1906 1794 anilamesindsdietriotieriejarispetistar

240 1792 780 1880 ii).llultiacceplain1‘urievicariam
790 1812 1004 1891 contumab'em
1011 1828 1065 1886 ps·
1120 1811 1272 1883 iniuriam.
1282 1813 1360 1870 Nam
1371 1818 1403 1870 nt
1416 1820 1460 1871 est
1476 1813 1562 1871 laniis
1574 1827 1684 1886 aspera
1696 1823 1815 1885 qffliui
1827 1806 1906 1880 ΡοωίΙι

239 1896 317 1959 rant,
333 1897 362 1949 et
375 1894 512 1953 vindictae
522 1896 621 1955 locum
632 1900 735 1958 animo
746 1899 934 1958 latrocinanti
947 1912 1066 1973 saepen·
1122 1899 1216 1957 mellis
1226 1902 1370 1958 eusdtate
1383 1902 1507 1969 mollire,
1517 1902 1559 1959 its
1571 1914 1637 1958 nen
1650 1906 1694 1959 sst
1706 1898 1816 1957 difficile
1828 1897 1906 1954 bones

241 1986 313 2039 tant.-
331 1981 420 2040 arabi
435 1989 481 2041 est
492 1985 660 2060 illudqucd
677 1991 816 2047 dominus
834 1989 922 2047 dicitu
950 1990 1067 2049 Nemini
1120 1990 1157 2046 tis
1176 1989 1292 2047 aotibttt
1305 1991 1497 2064 anthtdinris
1512 1990 1742 2048 amaritudinem
1753 1992 1905 2060 temptum

240 2071 771 2151 molumpromoiorecidmtesillm
793 2095 843 2146 ru,
873 2080 942 2152 li)⁴i
968 2081 1010 2136 Ae
1028 2094 1066 2136 ne
1155 2080 1421 2152 &disputatioque
1448 2081 1504 2153 10
1525 2083 1658 2137 vestran
1684 2078 1818 2150 luendam
1838 2074 1904 2135 mat

240 2159 353 2232 aliquid
369 2161 425 2218 sibi
441 2162 605 2222 vindicaret
617 2165 780 2232 iracundia,
796 2169 949 2240 potestatis
974 2168 1065 2224 etiam
1119 2168 1275 2242 utriusque
1288 2170 1465 2226 Testamenti
1481 2168 1650 2226 mandata·
1664 2167 1787 2231 saudan,
1799 2161 1907 2236 amosiis

240 2264 325 2321 spem
336 2248 458 2307 abstulit
472 2251 604 2322 ultionis,
614 2269 683 2311 euro
695 2256 766 2313 dicit
781 2274 788 2313 r
805 2256 880 2314 liiii
893 2257 1063 2324 uindictam,
1111 2255 1244 2312 novellb
1253 2255 1370 2328 legibue
1381 2257 1500 2322 serviet,
1512 2261 1545 2312 ut
1556 2256 1606 2314 illa
1621 2264 1691 2330 quis
1703 2260 1769 2313 sunt
1779 2250 1906 2325 minuitas

239 2351 287 2406 epo
301 2338 471 2405 retribuam,
486 2340 557 2396 dicit
569 2342 712 2399 Dominus
731 2344 830 2413 (iiiii,
848 2348 902 2415 tit.
932 2344 1067 2403 Dimittat
1119 2341 1906 2417 contitutanonpretermittatliiieasunimplebisltem

239 2438 311 2495 ergo
321 2425 528 2500 unusquisque
542 2427 624 2486 fratri
637 2445 693 2488 auo
707 2446 744 2489 ex
759 2437 820 2490 toto
841 2433 938 2493 corde.
963 2432 1066 2491 Nudus
1119 2432 1234 2499 Christi,
1249 2434 1274 2491 el
1284 2434 1357 2491 nlnil
1368 2434 1406 2491 de
1420 2434 1549 2508 antiquis
1559 2438 1610 2491 sut
1627 2432 1814 2508 pratentibus
1822 2428 1906 2487 iustiti·

237 2511 349 2587 recolat
363 2514 513 2585 iniuriam,
524 2522 1065 2595 nemoqueratirepsssesereotevin·
1119 2520 1156 2579 tis
1172 2522 1355 2580 subtraxeris
1368 2522 1492 2581 veritati,
1508 2524 1577 2590 Quis
1596 2528 1701 2580 autern
1725 2522 1833 2595 sapiens
1851 2528 1907 2589 apat

237 2600 360 2658 dictam.
372 2605 436 2660 Sint
447 2604 498 2663 tibi
513 2622 582 2664 aum
593 2607 715 2666 inimico
730 2616 780 2667 tuo
801 2624 920 2684 semper
941 2611 1064 2679 blanda,
1117 2611 1239 2683 institia
1248 2611 1377 2669 tractum
1393 2615 1556 2682 uagstesse
1570 2610 1723 2682 bonitatis,
1745 2622 1808 2668 enm
1831 2604 1907 2665 radin

238 2688 290 2746 sed
305 2706 381 2763 pure
393 2691 557 2767 colloquia:
572 2702 690 2754 ceeseut
703 2697 941 2768 obtrectationes,
960 2705 988 2757 et
1001 2716 1065 2757 ses·
1119 2700 1297 2774 prophetans
1307 2700 1454 2757 dicentem
1471 2716 1478 2758 r
1493 2701 1606 2758 lionam
1618 2699 1770 2773 miiipsod
1779 2691 1908 2755 tonderi

238 2784 306 2837 sant
319 2780 394 2839 lites
410 2781 460 2840 Sic
470 2788 514 2843 eet
529 2789 560 2843 ui
574 2791 630 2844 ate
644 2786 784 2859 diligatur
797 2789 947 2858 inimicus,
961 2791 986 2848 sl
1003 2804 1065 2849 nan
1118 2805 1174 2856 me,
1192 2797 1224 2847 ret
1233 2790 1610 2861 dr‘sceremiestidctsiiosres
1626 2791 1751 2862 tscsll’s.
1764 2789 1846 2849 osrrrt.
1856 2779 1907 2851 ilii

238 2868 334 2927 addes
349 2887 458 2930 causas
467 2873 577 2946 quibua
587 2891 703 2949 semper
714 2876 918 2937 inflammetur
926 2880 1028 2938 iratos.
1119 2882 1182 2938 lien
1196 2878 1303 2936 dubito
1315 2894 1381 2936 esse
1396 2877 1521 2951 sliquos,
1544 2878 1737 2943 dilectissimi,
1750 2877 1795 2949 qni
1808 2874 1855 2930 sub
1867 2871 1907 2928 bet

535 2964 679 3022 libitinis
693 2967 760 3023 litii.
1119 2967 1265 3026 essentie
1276 2968 1437 3041 pensatam
1453 2972 1555 3040 patent
1566 2972 1648 3025 stare
1660 2967 1806 3040 luentium,
1816 2957 1909 3035 quadi

380 3051 449 3107 Item
461 3050 495 3107 de
508 3052 582 3109 bosso
608 3054 689 3125 poris
707 3057 921 3114 cameracense.
1120 3057 1158 3116 sit
1171 3076 1180 3130 3
1195 3057 1313 3115 oesiam
1324 3072 1380 3128 pm
1393 3052 1907 3128 omio,derttemprodsmetbesitrrrn

276 3141 301 3192 t.
317 3135 467 3210 Aliquanti
477 3138 550 3196 iorle
564 3142 722 3211 assumant,
734 3143 930 3212 dilectissimi,
941 3146 981 3203 ab
991 3108 1102 3204 anti-⁰
1119 3147 1174 3216 to).
1191 3145 1408 3203 nominabatur
1421 3145 1545 3218 quidem
1557 3145 1614 3201 ista
1627 3144 1742 3203 dedam
1756 3134 1908 3215 apudsecali

237 3224 1066 3305 quislegieiuetitiamquamaniminosisatiedaramiudi-
1119 3235 1278 3295 hominess
1296 3234 1348 3291 sed
1363 3234 1440 3299 ideo,
1455 3235 1528 3307 quie
1539 3234 1672 3292 nendum
1700 3240 1797 3292 auctor
1818 3226 1909 3284 emani

237 3310 1004 3391 cantmimieebouitatisprejudicioluisseoaleatam
1015 3339 1066 3389 3a1
1120 3323 1271 3381 bonilatis.
1288 3322 1524 3390 Qualemautem
1543 3323 1628 3382 illam
1639 3322 1743 3396 putatis
1761 3311 1907 3387 intestati

235 3402 294 3461 boc
306 3403 387 3478 quod
398 3404 629 3464 dicatllominua
643 3408 673 3464 in
687 3409 866 3481 Evangelio:
885 3412 1002 3485 diligite
1011 3398 1066 3468 issi·
1120 3412 1203 3484 tiam,
1218 3418 1286 3485 quer
1303 3412 1399 3469 solam
1413 3411 1518 3469 mortis
1530 3412 1713 3484 operabatur
1732 3408 1853 3482 iujuriam
1863 3400 1908 3460 ill

235 3493 321 3550 mices
335 3499 455 3562 cestros,
469 3494 735 3571 benefaciislrisqui
745 3514 792 3557 uos
804 3500 938 3568 oderunt,
953 3505 1067 3560 eterote
1120 3500 1218 3558 nullus
1227 3500 1359 3574 proiecto
1374 3499 1474 3558 adbuc
1487 3514 1585 3574 peenas
1597 3500 1667 3557 duis
1679 3504 1762 3563 esset,
1776 3496 1827 3553 nisi
1836 3489 1907 3548 cnris

233 3599 284 3656 pro
297 3583 544 3642 calumniantibus
559 3588 633 3645 abab
647 3588 742 3657 (nott.
760 3604 788 3657 r,
804 3592 860 3651 iti.
873 3589 949 3648 Satis
962 3592 1067 3650 crude·
1120 3594 1168 3647 tus
1194 3593 1295 3646 noster
1318 3590 1445 3647 eruentis
1465 3589 1583 3660 legibus
1607 3590 1707 3647 oleum
1731 3578 1906 3673 misericordis

236 3670 274 3727 lis
283 3675 336 3737 est,
352 3672 546 3741 dilectissimi,
558 3675 702 3748 quiputat
710 3676 899 3748 iustiliaeuou
908 3680 1066 3739 convenire
1120 3679 1297 3746 miscuisset,
1309 3678 1367 3736 boe
1379 3683 1435 3745 est,
1449 3690 1518 3735 rere
1529 3679 1594 3735 slus
1608 3678 1679 3736 dolo
1693 3676 1833 3749 implesset
1847 3671 1907 3740 inst

236 3757 413 3827 bonitatem,
428 3776 498 3818 eum
514 3778 572 3820 una
585 3769 675 3836 atque
689 3765 795 3823 eedem
812 3766 849 3822 sit
863 3767 938 3824 ratio
965 3768 1066 3825 Prori
1119 3769 1201 3836 tiam,
1213 3767 1355 3825 bonitatis
1375 3766 1557 3824 exhibuisset
1579 3767 1756 3825 doctrinabat
1780 3762 1826 3818 llis
1847 3764 1906 3850 eret.

237 3844 356 3915 dentiae,
372 3847 468 3906 malos
492 3848 622 3909 bonitale
643 3868 846 3926 compescere,
873 3854 968 3914 bonos
990 3856 1064 3929 legis
1118 3856 1314 3923 dilectissimi,
1327 3855 1546 3913 eruditionibus
1559 3855 1696 3925 instituti,
1713 3854 1833 3923 entique
1855 3846 1907 3911 ΙΨ·

239 3935 536 3996 vinaulocurtodisee.
547 3940 794 4015 Deniqueourrite
806 3943 846 4001 nd
861 3950 997 4002 sonetum
1008 3949 1064 4004 lta·
1119 3946 1348 4002 amaritudinem
1362 3943 1528 4000 dilectionis
1545 3944 1648 4000 studio
1660 3948 1858 4014 temperemust
1882 3936 1907 3983 θ’

238 4023 299 4090 vid,
315 4031 345 4082 et
358 4020 755 4101 invenietisiontemJ'ustitias
769 4016 959 4091 urbanitatis
975 4036 1064 4092 unius
1118 4034 1255 4091 videatur
1267 4033 1316 4091 illa
1335 4032 1468 4108 periectas
1479 4031 1606 4089 modum
1626 4030 1786 4089 excessisse
1803 4018 1906 4097 jarina,

237 4128 302 4170 esee
316 4117 441 4182 virtutis,
455 4119 506 4191 qui
522 4110 563 4175 i'ta
577 4116 608 4176 in
621 4125 705 4192 parte
713 4104 902 4194 psalmorum
915 4122 1062 4197 loquitur:
1118 4124 1170 4195 qai
1183 4123 1272 4180 itiete
1285 4122 1378 4180 vicem
1392 4126 1520 4194 reportat
1533 4121 1660 4193 injuriae.

238 4201 333 4259 nones
345 4219 373 4261 es
386 4207 569 4273 indumine,
580 4214 609 4266 et
623 4209 792 4268 incomitata
806 4218 859 4269 tua
868 4212 940 4270 doce
951 4216 1065 4282 mejss·
1153 4217 1180 4269 i.
1196 4212 1270 4270 ane
1284 4213 1356 4269 dicti
1367 4210 1550 4280 evangelista
1559 4210 1694 4282 :Dilipite
1703 4207 1821 4265 inimicos
1832 4203 1908 4255 mim

236 4291 410 4359 sificaticnss
425 4295 555 4367 temlPs.
571 4311 668 4364 cxviii,
686 4297 741 4369 aa).
763 4297 856 4356 Nemo
875 4316 946 4372 ergo
972 4301 1064 4359 dilee·
1119 4302 1233 4374 (Malli.
1247 4319 1275 4367 r,
1290 4304 1347 4371 itt.
1366 4302 1448 4357 Forte
1460 4299 1623 4372 aliquantis
1638 4298 1750 4355 ridetur
1763 4288 1906 4383 menidam

238 4378 353 4446 tissimi,
368 4380 444 4451 legis
459 4381 688 4456 descriptionem
702 4385 783 4442 aliud
797 4393 878 4458 pulei
891 4405 957 4447 esse
971 4406 1063 4462 quam
1118 4390 1329 4449 contumeliam
1346 4403 1625 4461 amorerepensere.
1633 4386 1696 4444 Non
1708 4389 1750 4441 est
1757 4369 1907 4452 impossible

235 4466 378 4524 bonitatis
393 4469 568 4543 pietatisque
576 4473 759 4531 consortium
772 4491 779 4532 ς
795 4491 864 4549 quae
890 4494 959 4536 cum
975 4479 1100 4553 disci-n
1117 4479 1409 4551 iuimioumdiligsre,
1421 4478 1445 4534 si
1458 4478 1586 4551 partium
1598 4482 1717 4533 tuarum
1728 4471 1906 4529 utilitatium·

237 4555 326 4627 ptine
342 4556 449 4623 studet,
462 4558 593 4616 honestis
616 4548 732 4620 actibus
753 4580 852 4623 mores
875 4567 1008 4636 instituit,
1034 4575 1063 4626 et
1118 4569 1203 4640 gites.
1219 4569 1335 4640 lliiipite
1346 4568 1601 4624 nimicosvestros,
1614 4569 1707 4622 Nemo
1719 4558 1832 4618 subhoa
1844 4561 1907 4608 nti·

237 4644 384 4703 concitata
398 4646 510 4720 iniquis
536 4649 764 4720 cogitationibus
790 4656 883 4714 corda
908 4659 1062 4716 severitate
1116 4657 1265 4714 datitiluio
1274 4659 1435 4715 aestimetse
1445 4656 1568 4729 aliquod
1577 4640 1907 4735 inimicopresterebsar

236 4734 490 4806 compassibilem
499 4743 530 4794 ut
538 4737 638 4797 sciatis
649 4741 1062 4818 nibildaantiquojureluisse
1115 4746 1222 4804 liciam.
1240 4747 1296 4814 Qui
1307 4746 1464 4803 inimicum
1480 4744 1586 4815 diligit,
1600 4758 1632 4800 se
1648 4741 1751 4812 attigit
1770 4732 1825 4794 tlibi
1846 4734 1906 4820 ⁰⁰¹¹?

236 4821 433 4895 subtractum,
449 4827 550 4884 audite
562 4828 723 4887 Dominum
736 4831 884 4890 dicentem
901 4848 907 4891 t
922 4835 987 4892 Noe
1000 4837 1062 4892 verri
1116 4836 1256 4909 pepercit,
1278 4834 1695 4909 quitatrooiuantisdestsram
1702 4824 1796 4898 magui
1806 4824 1906 4876 manent

235 4914 322 4985 leuem
335 4914 454 4983 solorre,
469 4915 690 4984 sedodimslere
708 4921 820 4992 (liniti.
833 4938 863 4978 v.
882 4925 935 4993 tt).
1116 4904 1906 4998 prodammpesouinetsaomeorpusesstr,qoisrustt

269 5006 295 5059 i.
309 5006 374 5060 lion
389 5004 453 5062 eine
467 5021 571 5068 causa.
586 5008 781 5076 dilectissimi,
801 5009 933 5068 Christus
960 5016 1062 5070 nostor
1115 5000 1906 5088 nostiprecibusobsiasitmsgottoquodemmanituti

233 5094 386 5166 praesentis
401 5110 436 5151 ac
447 5096 731 5154 eeterielestamenti
742 5104 1061 5173 praeoptauoumcor·
1114 5119 1186 5161 vare
1196 5103 1392 5160 reverentiam
1404 5101 1576 5175 pugnatori,
1593 5099 1669 5156 Nam
1683 5098 1794 5169 partem
1815 5076 1906 5142 ⁰⁰1i⁸m

232 5196 287 5252 pus
299 5198 363 5240 esse
377 5183 481 5241 voluit.
494 5183 611 5242 Sciebat
624 5184 745 5243 alteram
763 5190 878 5260 partem
904 5189 969 5248 sine
990 5191 1060 5248 alte·
1114 5208 1179 5250 esse
1189 5192 1328 5258 victoriae,
1340 5190 1472 5263 praelium
1487 5189 1589 5247 oblato
1617 5187 1684 5244 aori
1704 5180 1826 5257 pondos
1844 5165 1906 5259 rede

232 5269 295 5324 rius
305 5271 452 5343 adjutorio
467 5277 546 5331 stare
559 5289 619 5331 non
633 5290 736 5348 posse:
752 5280 857 5333 etvere
869 5277 1059 5338 inestuans
1113 5284 1215 5338 misse.
1230 5251 1906 5352 Dr‘lipiteinimicosoestrosiloeestinimimsit·

233 5354 932 5438 ubiestdistriotioiudicantie,temperameutum
940 5382 1059 5442 semper
1113 5372 1213 5445 ligera,
1229 5371 1309 5430 odiis
1321 5386 1380 5428 non
1394 5368 1586 5442 respondere,
1610 5368 1732 5439 accepte
1755 5343 1905 5415 mammeti

269 5531 359 5592 arcet
371 5534 447 5594 bene
462 5554 562 5597 sonem
573 5538 648 5599 torte
661 5542 828 5603 addendam
840 5558 959 5605 umere.
